3090 5174
530 358 659 430 anuo
686 359 773 427 1600
1182 360 1226 425 25

100 508 262 582 audirem,
286 505 467 573 stimulavit
488 506 523 572 iri
545 508 635 588 priua
658 507 699 572 (le
720 505 914 571 excelientia
936 511 993 571 tun
1017 507 1129 572 animo
1145 523 1218 571 meo

99 631 293 707 conceptam
315 626 525 701 sententiam,
549 631 674 691 utnon
697 623 859 706 potuerim
880 639 949 689 aon
973 623 1032 688 nas
1055 623 1098 687 ra
1115 623 1219 705 ipsam

95 744 255 819 scrihere,
279 748 378 824 utque
399 743 447 807 sic
470 727 633 808 amicitiae
655 749 788 809 nostrae
810 750 842 806 et
865 741 1032 809 ulterioris
1053 741 1138 807 iuter
1161 759 1221 807 noa

97 860 288 940 pertituros
311 860 617 942 correspondentiae
640 859 850 925 laniamenta
870 874 990 940 ponere
1009 855 1066 944 (t).

185 976 271 1056 Quia
294 993 372 1041 vero
395 993 414 1041 a
438 976 536 1042 nobili
564 977 770 1043 adolescente
803 975 979 1043 Francisoo
1014 976 1220 1060 Tengnaglio

97 1108 170 1156 men
193 1091 386 1171 domestico,
399 1109 442 1158 ex
456 1091 548 1159 ltalia
563 1093 634 1158 linc
655 1093 827 1167 redeunte,
847 1094 973 1175 percepi
991 1091 1220 1157 excellentiam

97 1215 186 1274 tuam
207 1210 349 1292 primum
367 1215 515 1275 nostrum
531 1202 658 1277 tomum
675 1210 896 1292 Epistularum
915 1209 1218 1274 astronomicarum

97 1328 337 1410 perlustrasse,
372 1335 471 1411 atque
505 1331 538 1394 in
574 1349 613 1395 eo
649 1331 806 1395 nonnulla
833 1331 1001 1414 reperiisse
1035 1329 1221 1410 dequibus

101 1462 230 1511 mecum
265 1445 412 1510 conterre
450 1454 603 1530 cuperet,
636 1465 698 1533 ego
734 1453 822 1512 certe
855 1447 996 1528 idipsum
1029 1446 1215 1511 nuliatenus

94 1564 253 1637 detrecto;
276 1564 332 1628 sed
354 1567 381 1629 si
405 1565 485 1645 quid
508 1564 704 1647 fueritquod
729 1564 922 1630 excellentia
940 1572 995 1629 tua
1010 1567 1044 1628 iu
1062 1565 1217 1647 disquisi-

96 1680 218 1743 tionem
243 1680 321 1744 inlbi
348 1698 467 1748 vocare
490 1682 584 1758 velit,
606 1685 669 1749 erit
691 1685 724 1749 ir
750 1683 829 1749 nitu
865 1685 1103 1765 gratissimum,
1125 1683 1219 1746 inve-

99 1797 233 1877 nietque
257 1814 309 1861 me
333 1798 375 1862 ad
399 1782 661 1880 respondendnm
680 1819 738 1884 pro
757 1819 830 1866 meo
848 1801 983 1866 modulo
1001 1817 1100 1882 quam
1121 1816 1218 1880 para·

95 1913 268 1980 tissimum.
288 1915 363 1982 Sive
380 1917 421 1982 de
440 1916 611 2000 hypothesi
629 1924 740 1985 nostra
758 1919 948 1983 coelestium
965 1918 1218 1986 revolutionum,

92 2049 177 2112 quae
200 2032 308 2098 Solem
335 2041 486 2099 centrum
509 2034 588 2098 lacit
605 2035 808 2099 circuitionis
831 2035 975 2117 quinque
998 2036 1220 2116 planetarum,

91 2149 229 2216 Terram
244 2158 379 2226 autem,
399 2159 433 2216 et
454 2169 529 2216 eam
552 2152 797 2233 quiescentem,
814 2152 1022 2217 solummodo
1044 2152 1217 2218 amborum

92 2250 438 2353 luminarium-atque
460 2275 609 2347 octavae,
632 2287 732 2353 quam
756 2277 878 2335 vocant
905 2270 1056 2355 spherae:
1081 2271 1135 2336 cui
1163 2289 1217 2335 as·

92 2390 267 2470 sumptioni
292 2390 497 2470 apparentiae
518 2407 620 2471 quam
643 2390 766 2471 optime
781 2407 963 2471 congruere
980 2389 1215 2472 depraehendi,

90 2509 128 2568 ut
150 2504 363 2570 nihilomiuus
387 2502 547 2570 tollantur
574 2477 659 2570 vasti
683 2504 728 2568 illi
753 2502 914 2588 eplcy'cll,
936 2504 1215 2586 quemadmodum

90 2623 176 2704 apud
199 2622 432 2703 Caperuicum,
466 2630 498 2687 ot
521 2624 622 2688 Terra
646 2624 679 2687 in
704 2629 818 2688 centro
841 2622 1006 2697 Universi,
1039 2623 1127 2704 quod
1162 2625 1216 2687 ille

89 2753 156 2800 non
170 2736 313 2814 admisit,
329 2742 466 2807 immoto
485 2749 618 2807 manent
637 2740 739 2828 (sunt
754 2743 854 2807 uiam
871 2742 1081 2822 particularia
1105 2759 1209 2824 quao-

88 2855 164 2920 dam
188 2855 222 2919 iu
246 2857 307 2922 luc
330 2866 441 2924 nostra
463 2861 668 2935 inventione,
684 2877 769 2942 quas
793 2877 898 2941 neque
916 2859 1014 2941 iuxta
1032 2860 1215 2924 Ptolemai-

87 2988 162 3037 cam
196 2992 258 3038 neo
291 2976 550 3060 ancraicanam
592 2978 862 3060 speculationem
884 2985 951 3040 tam
990 2984 1211 3059 competenter

88 3094 244 3159 excusari
267 3093 440 3180 possunt):
463 3097 534 3159 alre
557 3095 598 3157 dc
622 3095 826 3158 restitutione
849 3094 1006 3158 Fixarum
1024 3093 1214 3160 Stellarum:

88 3214 160 3277 sire
180 3211 221 3274 (lc
242 3210 408 3287 Cornelis,
432 3226 516 3291 quos
538 3225 654 3272 omnes
676 3209 711 3271 in
734 3210 805 3290 ipsc
837 3209 931 3273 coelo
963 3210 1132 3275 curricula
1154 3229 1214 3276 sua

88 3329 272 3406 absolvere,
294 3335 411 3392 contra
432 3343 533 3408 quam
558 3327 675 3391 volunt
697 3326 914 3409 peripatetici,
929 3328 1046 3409 protrm
1063 3327 1161 3410 idque
1178 3331 1212 3393 in

157 3585 192 3645 (tl
205 3580 254 3633 (tir
268 3578 354 3633 molto
369 3582 468 3644 prius,
483 3578 542 3630 eloe
556 3580 611 3630 tino
626 3580 659 3629 ta
672 3579 778 3644 quanio
793 3577 895 3628 (lallleo
908 3579 997 3628 enordt
1012 3578 1083 3629 nette
1099 3580 1215 3629 cattelra

81 3660 108 3713 di
121 3659 237 3719 Priora,
253 3658 271 3709 ll
288 3657 392 3717 t’iuctll,
416 3655 663 3722 roppresautanrtolo
688 3667 735 3718 per
755 3666 836 3705 ucrno
858 3655 884 3705 ‹li
906 3653 1091 3705 straontinaric
1114 3654 1214 3713 valore,

81 3732 197 3782 incoluit
211 3737 240 3782 ut
254 3733 284 3781 in
298 3731 426 3794 ipatontr
443 3726 588 3781 cmidtianr
603 3744 661 3780 eum
675 3731 832 3785 tmimrcrat,
849 3742 924 3779 come
940 3728 1058 3779 abbiamo
1073 3726 1114 3778 rial
1130 3742 1217 3792 ropra-

81 3806 161 3856 eltato
178 3805 265 3870 elegia
279 3806 306 3856 rii
319 3805 461 3857 timu-tit
478 3806 543 3870 pero
558 3803 672 3857 rlecoma
682 3817 735 3855 ora
750 3804 880 3863 colunto,
900 3804 958 3857 clos
981 3804 1052 3857 torro
1075 3807 1132 3855 otto
1152 3805 1216 3855 mni

80 3885 164 3946 dopo,
178 3884 299 3934 rodiamo
312 3882 329 3932 l'
336 3887 487 3933 astronomo
503 3883 598 3932 danere
614 3880 749 3942 rtrclgersi
766 3892 780 3927 a
797 3880 941 3928 ricuiedera
957 3878 981 3926 ai
998 3875 1215 3940 corrinponrlenza

80 3958 257 4009 ed'amieiala
271 3958 289 4007 ll
305 3959 403 4020 pranis
418 3959 549 4017 Torcauo,
571 3969 624 4006 nou
638 3956 656 4005 rt
671 3955 741 4005 lurra
760 3953 821 4005 tuor
843 3955 869 4003 al
892 3954 970 4016 luogo
986 3952 1005 4001 l'
1015 3953 1136 4012 interire,
1164 3951 1214 4001 circ

80 4031 185 4096 quando
200 4031 217 4080 il
233 4029 326 4081 Plaelli
341 4029 428 4094 gilone
443 4032 571 4089 scrivere,
588 4029 700 4087 Tlcoue,
713 4028 795 4078 atlora
807 4032 931 4078 venerato
942 4039 988 4090 par
998 4025 1104 4077 oraculo
1113 4027 1215 4079 virente

79 4104 148 4155 della
163 4105 267 4156 eclenrc
284 4105 479 4165 mrtemrtteb,
498 4107 631 4169 capetano
647 4114 743 4154 ancora
759 4106 853 4166 troppo
872 4101 982 4167 plorans
997 4102 1023 4153 tr
1039 4103 1107 4153 tama
1123 4102 1149 4153 rli
1164 4101 1232 4154 Ge*

77 4178 140 4230 lllcn
155 4190 201 4244 per
217 4180 311 4231 crater
324 4181 498 4231 conveniente
512 4177 565 4230 alls
581 4178 686 4243 propria
700 4177 799 4242 dignita
814 4176 832 4226 Ι*
841 4177 983 4238 triniatim,
999 4177 1049 4227 cire
1060 4176 1214 4231 florinense

77 4263 186 4303 areunso
200 4250 269 4303 colle
284 4255 414 4317 putente.
437 4251 690 4315 Quest'errerteura
714 4261 840 4315 correus
859 4251 1058 4302 un'arrcmlone
1079 4250 1122 4301 dcl
1145 4250 1214 4302 illari

77 4325 144 4386 (loc.
161 4329 204 4380 eit.
219 4341 279 4392 pap.
298 4322 365 4388 tati,
383 4327 536 4379 eumuna
551 4327 594 4378 tet
610 4333 681 4379 recto
697 4325 851 4393 glutiticrtr
868 4324 937 4377 (lulla
953 4326 1096 4378 merismu
1111 4325 1215 4379 irarerll

77 4397 213 4453 Gauenrll.

166 4493 292 4551 Gturtno
311 4494 427 4551 Gaurum
444 4523 477 4535 -
495 4495 527 4550 Τ.
547 4495 623 4550 vtlt.
1069 4494 1086 4550 i
