3090 5174
199 242 242 304 22
555 256 725 314 thmuis
746 260 769 312 Α
790 256 955 314 hetheo

202 391 281 453 dum
309 389 486 454 universali
510 389 735 470 ignorantiae,
770 407 829 451 nec
864 407 933 452 sese
962 393 1081 450 temere
1105 383 1341 466 ingerendum

202 511 253 572 vei
277 508 506 592 opponendum
532 509 621 588 vulgi
645 507 814 571 doctorum
840 506 1004 569 furoribus
1028 500 1104 586 (qua
1129 502 1161 564 in
1190 516 1228 563 re
1257 501 1343 577 Pta-

199 634 308 690 tonem
331 633 364 690 et
379 626 597 709 Pythagoram
623 631 749 688 nostros
768 624 927 707 genuinos
947 623 1117 703 magistros
1135 617 1344 702 sequeris),

201 752 310 807 tamen
335 762 410 809 cum
435 744 673 820 hocsaecuio,
696 744 841 825 primum
874 759 893 803 a
926 740 1125 821 Cepernico,
1161 734 1295 820 deinde
1323 754 1343 798 a

200 862 421 943 compluribus
439 868 471 926 et
486 862 681 925 doctissimis
697 878 826 939 quoque
839 857 1156 928 mathematicorum,
1169 853 1344 917 immanis

201 981 306 1061 operis
328 981 460 1053 initium
483 979 524 1042 sit
548 979 682 1053 iactum,
702 995 806 1057 neque
829 975 890 1039 hoc
909 975 979 1056 jam
1004 991 1100 1056 porro
1124 987 1256 1035 novum
1281 971 1342 1045 sii,

203 1099 337 1162 Terram
364 1116 516 1171 movere;
541 1098 738 1178 praestiterit
762 1097 896 1160 sortasse
912 1093 1142 1158 communibus
1161 1088 1343 1173 sumagtts

201 1216 299 1279 semei
325 1215 504 1294 impuisum
528 1213 614 1276 hunc
638 1230 795 1282 currum,
818 1213 1023 1274 continenter
1052 1210 1093 1272 ad
1125 1213 1255 1284 metam
1281 1222 1343 1269 ra·

204 1349 302 1413 pere:
326 1339 362 1395 ut
384 1333 461 1410 quia
485 1334 651 1396 rationum
674 1330 818 1412 pondera
843 1327 962 1411 vulgus
986 1328 1094 1393 minus
1124 1326 1246 1397 iibrat,
1275 1343 1342 1390 au-

203 1447 386 1512 toritatibus
407 1449 489 1514 iliud
506 1450 611 1533 magis
631 1450 797 1533 magisque
812 1451 950 1513 obruere
966 1447 1184 1528 incipiamus,
1201 1444 1229 1510 si
1249 1443 1342 1527 torte

202 1584 261 1648 per
283 1564 433 1630 trondem
457 1567 562 1646 ipsum
580 1566 613 1630 in
630 1567 849 1649 cognitionem
865 1564 1014 1642 veritatis
1028 1562 1208 1644 perducere
1224 1576 1343 1642 quea·

200 1703 283 1751 mus.
306 1686 376 1750 Tua
399 1687 524 1749 ratione
540 1684 637 1750 simul
658 1685 841 1773 laborantes
860 1690 907 1748 tot
925 1681 1047 1765 iniquis
1060 1678 1195 1764 judiciis
1214 1679 1334 1745 socios

203 1804 390 1886 adjutares,
413 1805 492 1866 dum
517 1803 562 1864 itti
587 1804 638 1867 vet
663 1802 816 1867 solatium
841 1806 995 1882 caperent
1017 1815 1059 1861 ex
1083 1805 1344 1871 tuoconsennu,

202 1923 254 1983 vei
279 1920 478 2003 praesidium
502 1921 543 1982 ab
567 1921 773 1982 authoritate.
809 1920 881 1983 Non
908 1918 996 1981 enim
1029 1917 1075 1980 tui
1111 1914 1219 1978 solum
1255 1913 1339 1978 ltatt

206 2044 304 2109 sunt,
327 2035 383 2115 qui
407 2035 611 2106 semoveri,
643 2034 703 2096 nisi
736 2034 899 2106 sentiant,
926 2032 1058 2103 credere
1082 2049 1147 2096 oon
1172 2036 1343 2113 possunt:

201 2153 257 2218 sed
282 2152 381 2215 etiam
406 2169 465 2214 nos
490 2151 541 2213 hic
566 2151 598 2213 io
628 2150 804 2214 Germania
830 2168 894 2213 oon
909 2150 1067 2231 optimam
1084 2151 1237 2231 dogmate
1270 2150 1343 2215 isto

205 2271 344 2353 gratiam
369 2270 501 2335 inimus.
525 2268 649 2334 Verum
672 2276 749 2334 sunt
774 2271 938 2344 rationes,
971 2270 1096 2350 quibus.
1124 2285 1183 2333 uos
1214 2276 1344 2335 eontra

206 2388 267 2452 has
282 2384 489 2450 difficultates
505 2388 704 2451 muniamus.
719 2387 864 2453 Primum
884 2387 925 2452 ab
942 2387 997 2450 iiia
1016 2388 1138 2468 ingenti
1159 2386 1344 2453 hominum

210 2503 421 2568 muttitudioe
455 2511 624 2585 separatus
658 2523 754 2580 sum,
789 2523 848 2568 nec
872 2523 939 2570 uno
961 2512 1038 2570 actu
1072 2511 1118 2569 tot
1145 2505 1340 2577 clamorum

207 2622 379 2701 strepitum
403 2620 531 2685 haurio.
553 2622 677 2687 Deinde
706 2624 761 2702 qui
798 2622 876 2686 mihi
906 2630 984 2687 sunt
1015 2623 1176 2704 proximi,
1211 2623 1341 2706 vulgus

210 2739 382 2804 hominum
405 2746 476 2815 est,
499 2741 555 2820 qui
578 2759 653 2804 cum
681 2741 761 2804 haec
790 2741 962 2815 abstrusa,
987 2749 1024 2806 ut
1046 2743 1160 2815 aiunt,
1185 2758 1250 2807 uon
1274 2758 1342 2807 ca-

208 2860 320 2939 piant,
336 2859 498 2924 mirantur
513 2864 638 2929 tamen.
658 2877 733 2935 nec,
751 2859 883 2924 credere
902 2859 1002 2922 veiint
1020 2877 1062 2923 an
1083 2879 1165 2935 non,
1184 2878 1338 2942 uuquam

208 2995 321 3044 secum
345 2979 404 3060 ipsi
428 2979 582 3061 cogitant.
606 2979 699 3043 Docti
717 2978 944 3055 mediocriter,
968 2996 1034 3059 quo
1049 2988 1125 3044 sunt
1141 2979 1339 3062 prudentio-

204 3113 277 3172 res,
303 3096 364 3160 hoc
387 3096 518 3161 cautius
541 3114 610 3162 sese
633 3097 820 3162 immiscent
844 3098 933 3163 hisce
958 3097 1268 3162 mathematicorum
1294 3099 1338 3164 ii-

206 3213 302 3278 tibus.
326 3214 483 3292 Quinimo
506 3216 659 3280 fascinari
694 3224 850 3296 possunt,
884 3219 972 3297 quod
1007 3225 1162 3297 expertus
1197 3216 1337 3299 loquor,

207 3330 403 3395 authoritate
423 3332 607 3395 matheseos
625 3332 803 3410 peritorum
818 3349 827 3404 ;
842 3339 879 3397 ut
900 3351 977 3398 cum
997 3336 1137 3400 audiunt
1159 3351 1242 3414 quus
1258 3334 1336 3415 jam

206 3448 385 3512 habeamus
400 3446 643 3526 Ephemerides,
659 3467 700 3513 ex
719 3449 888 3529 Gopernici
907 3451 1139 3531 hypothesibus
1154 3459 1336 3530 extructas,

205 3565 406 3645 quicumque
429 3565 525 3629 hodie
540 3566 684 3631 scribant
699 3565 953 3646 Ephemerides,
969 3570 1185 3651 Copernicum
1217 3589 1336 3638 coines

208 3683 323 3763 sequi;
349 3691 384 3746 ut
407 3702 482 3748 cum
506 3686 549 3749 ab
571 3686 648 3766 ipsis
670 3659 853 3768 postulatur
876 3695 911 3751 ut
933 3689 1135 3764 concedant,
1157 3692 1245 3770 quod
1265 3707 1332 3756 uon

207 3805 270 3870 nisi
294 3804 327 3869 in
352 3806 489 3868 mathesi
515 3806 669 3869 institutis
700 3804 916 3869 demonstrari
949 3808 1071 3886 possit,
1103 3809 1331 3889 phaenomena

206 3926 276 3986 siue
301 3932 392 3988 motu
418 3924 536 3987 Terrae
559 3925 735 3986 consistere
759 3941 824 3988 noo
845 3942 946 4006 posse.
967 3927 1050 3990 Nam
1078 3928 1136 3989 etsi
1165 3929 1244 3990 haec
1272 3945 1332 4005 po-

209 4043 327 4104 stutata
354 4042 404 4104 vei
429 4041 645 4122 pronunciata
670 4059 733 4104 non
758 4048 834 4104 sunt
857 4042 1100 4117 demonstrata,
1123 4051 1200 4110 sunt
1219 4052 1327 4106 tameo

206 4179 315 4225 anon
340 4160 579 4225 mathematicis
602 4157 822 4223 concedenda.
858 4158 1006 4240 Cumque
1042 4161 1106 4224 sint
1142 4180 1241 4232 vera,
1269 4180 1329 4224 cur

206 4296 272 4347 non
297 4296 354 4360 pro
376 4277 631 4344 irrefutabiiibus
653 4277 931 4342 obtrudereutur?
964 4277 1099 4346 Restant
1133 4281 1233 4364 igitur
1266 4281 1326 4344 soti
