3090 5174
215 331 282 398 416
567 339 740 399 terronis
760 342 784 396 Α
805 337 972 397 ostreno

216 497 282 544 non
306 478 446 560 propria,
470 495 488 540 e
507 477 592 541 forse
616 476 649 539 di
674 475 719 538 tal
743 490 854 550 nomo,
869 473 931 538 ebe
950 490 985 537 se
1004 489 1061 555 per
1080 476 1169 536 sorte
1185 469 1277 535 insse
1293 489 1347 534 nra

214 602 363 679 presente
387 600 517 677 apotar
540 592 659 675 podere
684 591 767 657 datie
789 591 1065 674 contemplationi
1087 591 1119 654 di
1145 608 1262 656 nnoro
1278 596 1343 655 tro-

214 723 300 790 vate,
315 713 450 779 sarebbe
473 712 497 775 il
520 711 626 794 primo
649 728 669 773 a
692 710 824 792 partirsi
847 709 1040 775 dali'eniica
1059 709 1234 774 oredenza.

303 834 338 898 lo
361 849 426 898 non
462 848 560 913 poseo
586 846 706 915 negare
739 829 801 894 obe
824 831 834 896 i
858 830 996 898 dissorsi
1025 830 1088 895 obe
1115 829 1160 893 da
1183 828 1227 893 tei
1265 828 1343 902 adii,

214 958 341 1017 mentre
367 952 394 1016 si
419 956 584 1015 trattenne
607 949 641 1013 in
665 948 782 1025 Roma,
807 965 874 1012 non
908 947 1036 1013 iussero
1058 948 1093 1012 in
1117 965 1171 1012 me
1195 949 1281 1012 semi
1306 947 1350 1011 ie·

214 1071 312 1135 eondi
331 1071 364 1134 di
381 1071 481 1136 moite
499 1067 761 1134 considerazioni
780 1067 823 1133 da
842 1085 896 1133 me
911 1068 965 1150 poi
984 1067 1080 1141 satim
1096 1086 1115 1133 e
1132 1068 1177 1132 mi
1195 1084 1350 1131 arvenna

214 1189 289 1254 neit·
302 1188 445 1253 assoltar
461 1189 502 1251 tei
514 1187 590 1269 quet
608 1187 681 1263 ebe,
705 1204 763 1268 per
781 1203 954 1264 converso,
973 1186 1112 1252 succede
1131 1185 1199 1269 agii
1222 1187 1349 1250 nomini

215 1305 317 1372 morsi
341 1305 383 1370 da
406 1305 538 1389 piceioii
562 1303 711 1380 animali,
733 1305 743 1367 1
767 1304 868 1386 qnsti,
893 1301 1057 1369 aneornbb
1087 1303 1253 1370 nsii’atto
1269 1304 1352 1370 detis

213 1431 359 1508 pnntnra
383 1441 449 1490 non
473 1431 612 1489 enniano
634 1423 658 1487 ii
682 1422 805 1497 dolore,
822 1424 909 1506 dopo
929 1423 948 1487 i'
961 1423 1174 1506 impressione
1196 1423 1290 1491 detta
1306 1424 1350 1488 ie·

215 1543 279 1607 rita
301 1541 525 1624 s'aeoorgono
540 1539 592 1605 dei
616 1539 727 1603 denno
750 1539 912 1605 rioevnto.
933 1538 1058 1605 Perebb
1081 1541 1114 1605 io
1138 1558 1207 1605 non
1234 1541 1281 1604 mi
1299 1557 1351 1605 ao-

212 1660 378 1745 oorsendo
400 1657 431 1725 d'
444 1676 555 1727 essere
577 1663 825 1736 ammaestrato,
848 1657 892 1724 m’
908 1658 1034 1735 arvini,
1056 1658 1144 1742 dopo
1164 1660 1177 1724 i
1200 1660 1281 1726 suoi
1303 1660 1350 1723 ni·

212 1779 324 1853 soorei.
347 1778 473 1845 ‹i’aver
496 1779 578 1846 tatio
601 1777 621 1842 1’
634 1779 747 1845 animo
772 1777 932 1859 alquanto
960 1777 1130 1846 fliosotioo.
1153 1779 1183 1847 Ε
1209 1780 1247 1843 in
1275 1798 1353 1846 vero

211 1898 298 1966 neta
332 1899 458 1982 pration
490 1898 541 1962 dei
565 1897 683 1980 grandi
719 1898 845 1966 nomini
871 1898 1012 1974 arriana
1033 1895 1206 1984 (sineoma
1232 1898 1347 1965 dicere

212 2013 361 2102 &nesab
385 2017 447 2083 ebe
482 2035 597 2100 spesso
620 2017 662 2101 gi’
676 2018 819 2101 ingegni.
853 2015 979 2083 benene
1011 2018 1110 2095 rossi.
1135 2017 1170 2082 oi
1195 2018 1254 2083 obi
1285 2037 1348 2085 eoa

212 2137 276 2207 essi
294 2153 468 2215 conversa,
492 2154 556 2203 non
579 2153 616 2202 se
639 2153 681 2200 ne
704 2136 911 2214 sisenando,
934 2141 1067 2203 restano
1090 2137 1215 2203 murati
1237 2156 1259 2204 e
1282 2137 1350 2202 not-

212 2253 319 2331 tivati,
341 2272 436 2319 eome
458 2254 536 2335 qnei
558 2253 620 2318 ebe
642 2271 765 2321 escono
787 2255 873 2321 daile
891 2255 1044 2339 bottegbe
1067 2253 1121 2320 dai
1142 2254 1351 2338 proinmien‘,

212 2388 274 2437 ove
289 2371 432 2436 abbiano
450 2371 614 2436 (timorato
632 2388 689 2453 per
711 2372 853 2453 qualche
868 2374 980 2456 spazio
998 2373 1033 2438 (11
1055 2378 1179 2455 tempo.
1195 2374 1262 2441 ebs
1277 2377 1349 2443 seb

212 2487 295 2555 bono
311 2503 378 2552 non
392 2485 536 2551 abbiano
553 2486 673 2551 tonanti
686 2486 780 2552 odori
794 2485 835 2552 ed
849 2487 1022 2571 unguenti,
1038 2484 1252 2555 oontnttoeio
1267 2489 1347 2557 oto·

213 2623 296 2674 rano
318 2623 337 2672 e
359 2622 435 2672 seeo
457 2611 596 2688 portano
620 2623 689 2673 nna
709 2601 837 2688 quatiet
857 2624 971 2685 soene,
993 2607 1056 2674 obe
1078 2607 1127 2673 ab
1144 2607 1228 2674 nitri
1250 2627 1350 2692 porge

212 2725 338 2791 dilatio.
360 2724 397 2793 lo
412 2742 478 2790 non
495 2721 566 2798 diro
584 2727 646 2790 ebe
660 2732 952 2808 spontaneamente
968 2744 1034 2794 non
1050 2726 1232 2808 appiieassi
1248 2729 1349 2794 i’ani·

214 2861 270 2910 mo
296 2843 328 2907 ai
352 2844 593 2924 regionamenti
617 2845 649 2909 di
672 2844 711 2908 V.
728 2844 760 2910 S.
786 2863 805 2910 e
831 2846 892 2909 ebe
915 2845 958 2910 da
979 2845 1081 2926 qnetti
1104 2864 1173 2910 non
1201 2848 1346 2914 cernasai

214 2971 325 3029 trarne
359 2963 500 3044 qnatcbe
533 2958 642 3028 utitit'a
676 2963 914 3040 aii'inteitetto,
935 2960 1055 3045 perobb
1082 2965 1238 3031 mentiret
1262 2984 1282 3032 s
1305 2968 1347 3032 nti

211 3079 405 3144 dichiararei
428 3097 505 3145 seeo
528 3098 585 3163 per
603 3097 703 3145 nomo
721 3079 753 3144 di
779 3085 895 3162 troppo
917 3079 984 3145 mat
1007 3087 1103 3164 gusto
1125 3099 1144 3146 e
1165 3083 1346 3151 d’infiaita

210 3200 464 3264 trasenrarione.
487 3200 544 3265 Ma
568 3199 697 3282 applico
718 3217 738 3263 a
763 3218 816 3265 me
840 3201 871 3264 is
896 3199 1111 3266 similitudino
1134 3211 1290 3280 narrata,
1312 3205 1344 3269 in

209 3325 334 3398 quanto
349 3320 421 3394 ebs,
436 3335 536 3384 senza
550 3337 632 3385 aver
646 3320 853 3401 frequentato
870 3321 971 3386 motio
987 3322 998 3384 i
1014 3321 1094 3386 ionii
1111 3320 1201 3386 detta
1211 3324 1345 3391 sciense

208 3437 241 3500 ‹ti
265 3436 315 3511 tei,
340 3437 383 3501 bo
405 3435 608 3504 contutiooib
631 3440 834 3522 partecipato
850 3440 936 3505 detta
959 3436 1119 3506 satnbriti
1140 3441 1204 3506 obe
1228 3445 1261 3507 te
1286 3461 1345 3509 ao-

206 3573 271 3636 one
296 3555 328 3649 di
357 3555 458 3635 quelli
481 3557 630 3639 sogiiono
658 3574 810 3622 arreeara
838 3558 1082 3641 agi'intettetti3
1106 3560 1117 3627 i
1140 3562 1247 3642 quati.
1274 3580 1340 3628 non

206 3669 383 3735 altrimenti
405 3672 496 3735 ebei
520 3674 610 3755 onrpi
634 3674 764 3739 infermi
789 3675 900 3739 banno
922 3679 1027 3743 tatora
1051 3676 1190 3757 bisogno
1211 3679 1249 3743 di
1282 3696 1341 3745 no-

205 3806 269 3868 que
293 3787 345 3851 dei
369 3789 469 3873 bagni
493 3791 657 3867 minorati,
687 3796 754 3857 cosi
778 3794 959 3861 svrebbero
982 3793 1142 3862 necessitb
1174 3796 1207 3862 di
1232 3815 1341 3864 essere

205 3906 350 3971 mondaii
373 3927 392 3971 e
416 3911 521 3974 sanati
546 3910 632 3975 delia
649 3911 718 3976 iero
734 3910 878 3978 stoliditir
899 3933 918 3978 e
941 3915 1080 3981 fronesin
1104 3918 1337 3999 aspergendosi

203 4025 235 4088 ai
259 4025 353 4090 flnmi
369 4029 591 4110 copiosissimi
614 4031 688 4094 detl’
700 4032 881 4114 eloquenza
904 4054 923 4099 e
945 4036 1076 4100 scienta
1098 4034 1135 4098 di
1158 4034 1199 4098 V.
1214 4036 1262 4109 S..
1282 4054 1338 4119 per

202 4159 314 4208 merso
334 4145 408 4209 deli·
422 4164 491 4212 une
513 4148 595 4213 deib
613 4151 714 4231 quati,
735 4153 879 4218 sieeome
902 4153 965 4218 elia
988 4169 1127 4218 conosoa
1150 4154 1180 4217 ie
1204 4154 1265 4236 piri
1290 4164 1339 4221 te-

197 4260 332 4327 nebroso
351 4266 598 4334 dimostrazioni
618 4270 678 4334 obe
694 4272 786 4337 siano
807 4274 893 4338 neila
919 4279 1048 4347 natura,
1073 4271 1142 4338 cosi
1166 4292 1227 4357 per
1253 4275 1274 4338 l'
1287 4273 1336 4340 ei·

201 4388 251 4445 tra
274 4383 374 4448 rende
399 4386 622 4455 iemedesime
644 4391 721 4474 abili
744 4392 798 4455 ali'
813 4394 912 4458 aitrui
935 4390 1095 4475 eapamtb.
1119 4392 1242 4458 Perobb
1268 4411 1333 4459 non
