3090 5174
563 294 733 381 correns
754 327 776 381 a
797 324 964 382 corraso

495 616 497 621 -
603 590 753 642 otovsnnr
779 575 922 640 serinac

401 834 407 845 ·
434 834 438 843 ·
486 815 536 879 no
559 811 721 895 Pacuui
740 815 856 895 doceto
885 812 970 878 1610
995 808 1041 897 (1)

671 1045 708 1116 (Δ
726 1041 859 1114 eodova)

274 1225 377 1274 inveisoe
394 1232 479 1272 contro
492 1182 686 1270 'lineamentis
701 1218 852 1286 deli'Eorky,
867 1221 1037 1286 speoinirueota
1048 1234 1091 1284 per
1107 1233 1180 1268 overe
1196 1231 1275 1270 oaato

273 1301 300 1349 di
314 1301 431 1350 ritorcere
445 1308 532 1348 costra
545 1298 639 1349 Geiiieo
653 1298 735 1346 aieuni
753 1296 840 1361 iungat
855 1296 921 1346 delle
936 1297 1109 1346 mmmm
1123 1296 1233 1345 incuruo
1249 1298 1272 1346 ii

272 1378 366 1427 Nunnio
381 1377 486 1427 Sidereo.
496 1403 527 1413 ·-
536 1375 626 1436 Queata
641 1375 655 1422 i
671 1375 695 1423 ia
711 1375 795 1423 lettera
811 1374 850 1423 cui
868 1373 983 1440 risponde
997 1372 1093 1421 Galileo
1106 1387 1152 1420 cm
1180 1371 1272 1436 queit·

273 1456 314 1504 del
333 1461 361 1506 tu
377 1457 477 1519 Agosto,
492 1454 522 1502 da
538 1455 579 1502 noi
596 1463 674 1501 meam
692 1467 705 1498 a
721 1467 775 1516 pig.
793 1453 838 1501 tta
854 1467 867 1496 s
883 1465 946 1516 segg.
961 1449 1001 1498 dd
1016 1447 1092 1500 Tomo
1107 1449 1125 1498 1.

291 1640 411 1722 Accepi
435 1639 478 1703 ab
499 1637 721 1704 inmitissimo
743 1636 918 1702 Hetruriae
940 1633 1042 1701 Ducis
1062 1632 1205 1702 Oratore
1227 1635 1341 1701 conti-

203 1757 393 1824 uuationcm
419 1754 842 1822 tuarum-obseruationum
879 1752 970 1818 circa
985 1812 988 1819 ,
1001 1753 1173 1820 iiedioaea
1209 1753 1339 1821 Sidera

203 1875 326 1957 Magno
348 1891 400 1938 me
424 1873 586 1939 desiderio
608 1871 781 1938 incendisti
806 1870 938 1936 videndi
954 1877 1050 1937 tuum
1064 1872 1339 1945 instrumentum,

207 1997 244 2054 ut
266 1989 399 2054 tandem
423 1989 538 2052 iisdem
562 1993 670 2053 tecum
695 1988 1008 2070 potiorcoeicsttbus
1021 1987 1335 2070 spectaculistam

204 2120 289 2185 quae
313 2103 366 2167 nio
387 2102 729 2178 habemusocuiariu‚
747 2120 832 2186 quae
855 2105 995 2185 optima,
1009 2104 1336 2187 decuplam-diurne·

205 2229 313 2296 trum,
335 2226 462 2283 caetera
487 2223 544 2283 vix
566 2220 742 2302 triplicant.
766 2221 817 2286 ad
841 2222 1049 2306 vigecnpium
1085 2241 1198 2290 meum
1228 2242 1335 2293 unua

206 2339 371 2422 pervenit,
393 2336 451 2403 sod
474 2338 622 2404 debitiat
636 2338 782 2424 maiigna
806 2341 888 2406 tuoe.
904 2341 1013 2409 causo
1034 2343 1116 2408 mitri
1139 2360 1208 2409 non
1232 2345 1333 2418 latei.

207 2462 240 2521 et
263 2455 360 2521 video
382 2463 420 2520 nt
441 2455 616 2520 ciaridcari
639 2457 778 2540 possint,
799 2457 859 2523 sed
890 2459 1334 2545 sumptossunurtogimm.

208 2573 308 2645 Nuiio
329 2593 372 2639 ex
395 2575 449 2650 iis,
473 2591 558 2656 quae
580 2574 740 2641 hacteuus
763 2577 874 2642 videre
910 2577 1016 2658 potui,
1039 2577 1152 2641 steiiuo
1185 2577 1335 2645 minutae

209 2693 429 2774 deteguntur,
447 2710 516 2758 uuo
537 2701 674 2775 excepto
695 2694 783 2776 quod
798 2696 866 2779 ipse
881 2697 1071 2762 construxi:
1092 2696 1126 2760 id
1142 2713 1209 2762 uon
1223 2697 1335 2781 ,majo-

203 2829 273 2876 rom
292 2815 390 2897 tripla
416 2816 611 2879 diametrum
636 2812 728 2889 iacit,
744 2821 802 2878 aut
817 2831 985 2879 summum
1000 2814 1197 2897 quadrupla.
1213 2814 1332 2881 Stellas

206 2941 315 2997 tameo
337 2931 418 2997 Viae
435 2934 572 2998 Lacteus
588 2932 745 3013 plurimas
764 2932 1006 2997 distinctissime
1020 2932 1168 3009 exhibei3
1190 2933 1331 3009 mirum,

201 3067 278 3116 oum
313 3050 348 3114 in
383 3050 473 3115 huno
496 3067 594 3115 usum
618 3049 796 3116 formatum
821 3050 875 3124 sit,
900 3055 937 3116 ut
959 3049 1110 3115 iiiuderet
1144 3051 1332 3132 spectatori.

203 3169 312 3236 Causa
334 3174 383 3234 est
404 3161 577 3247 claritatis,
592 3171 670 3253 quia
689 3171 946 3252 copiosissimam
963 3169 1106 3234 admittit
1127 3169 1253 3233 iucem:
1270 3185 1332 3234 neo

202 3288 307 3361 euim,
329 3295 367 3353 ut
389 3290 542 3365 caeteris,
566 3289 685 3353 limbus
708 3287 803 3353 lentis
824 3304 994 3353 convexae
1016 3286 1152 3371 tegitur,
1175 3289 1244 3351 tota
1260 3286 1331 3352 iens

203 3409 303 3484 patet:
328 3404 438 3484 itaque
461 3411 494 3467 et
516 3405 550 3467 io
576 3404 676 3468 iatum
700 3405 865 3486 regionem
890 3407 980 3470 visus
999 3405 1160 3481 excurrit,
1181 3411 1215 3470 et
1233 3403 1330 3472 iaoiic

201 3535 287 3599 quae
308 3534 431 3598 quaero
452 3536 620 3600 assequor.

290 3635 446 3701 Proximo
478 3636 655 3701 interlunio
690 3638 829 3702 Martem
858 3640 1058 3705 matutinum
1081 3657 1155 3707 sum
1179 3646 1328 3705 contem·

203 3753 320 3833 piatus.
344 3752 478 3834 Aliquot
500 3754 611 3819 stciias
635 3754 780 3820 minuta's
814 3756 897 3832 ridi,
920 3757 976 3822 sed
999 3775 1065 3823 noo
1089 3760 1123 3823 in
1149 3759 1327 3840 longitndi-

272 3999 305 4058 (t)
322 3997 396 4049 uss.
420 3997 486 4055 car..
506 3996 564 4047 ro.
586 3996 633 4055 ru.
657 3997 732 4049 rom.
758 4005 782 4054 r,
802 4001 925 4052 divisione
948 4006 971 4058 s.
996 3987 1214 4065 satagente-i
1238 4004 1278 4053 n·
1304 4001 1329 4050 r·

199 4069 291 4119 iettere
307 4071 331 4120 di
348 4070 461 4135 Kepiero
477 4071 535 4120 deii'
546 4073 663 4122 edizione
680 4074 704 4121 dt
720 4074 804 4138 Lipsie
821 4076 862 4124 dei
887 4079 955 4127 1118.
973 4077 1003 4124 ed
1019 4079 1034 4126 d
1050 4082 1114 4125 stata
1132 4077 1272 4139 riprodotia
1289 4074 1330 4125 dai

197 4144 306 4195 Venturi
323 4144 379 4195 Par.
396 4146 417 4203 1.
434 4161 490 4210 pag.
510 4151 555 4196 130
571 4160 585 4195 e
602 4160 673 4211 segg.
690 4148 818 4201 Neii'uoo
834 4165 850 4199 a
866 4151 1003 4202 ncit'aiiro
1019 4152 1098 4216 luogo
1114 4165 1206 4201 manca
1224 4153 1250 4200 di
1266 4153 1328 4201 datu

198 4223 305 4283 precise,
321 4237 362 4272 mr
382 4222 587 4286 neii'autogssio
605 4227 760 4287 soprncitato
778 4229 799 4273 si
819 4226 892 4290 teugo
908 4233 998 4289 questa
1018 4227 1058 4277 dei
1075 4230 1101 4277 dt
1119 4231 1134 4274 ti
1150 4227 1260 4289 Agosto.
1278 4225 1350 4276 cirex

197 4296 241 4356 qui
258 4295 375 4344 abhiemo
391 4303 504 4360 aegnota.
526 4298 653 4348 Abbiemc
669 4300 785 4350 eziandio
801 4303 908 4352 corretti
930 4303 1016 4353 aicuoi
1036 4303 1135 4365 incant,
1154 4303 1196 4352 nri
1217 4299 1286 4365 quoii
1304 4301 1330 4351 ie

199 4373 248 4418 due
264 4370 339 4418 citato
356 4373 465 4422 editioni
481 4371 646 4423 dideriscono
661 4372 719 4424 dati·
728 4375 862 4439 originale.
