3090 5174
574 356 581 381 -·
638 340 779 397 uano
805 325 890 392 161⁰
970 356 973 361 -
1182 322 1185 326 ’
1299 330 1342 395 aa

210 493 292 541 »neni
318 472 449 538 zodiaci
472 470 661 554 dispositam
686 479 765 554 puto
787 473 1008 539 accensendas
1031 474 1099 563 tino
1115 475 1266 541 Piseinm.
1285 479 1342 543 Jo-

215 610 290 658 rem
314 590 462 656 nondum
486 607 552 672 per,
567 587 599 653 id
623 588 747 671 aspexi.
770 587 910 656 Caetera
932 596 968 657 ut
991 588 1145 673 qnodque
1162 592 1295 668 metius,
1309 601 1342 659 at

213 709 405 794 praesertim
428 706 517 791 qnod
538 707 742 790 signanum,
764 708 924 789 paulatim
948 706 1029 774 mibi
1049 709 1205 794 detegunt
1229 710 1343 777 Lunae

209 829 343 923 isoiemr
366 827 447 892 sutis
462 826 635 894 ‚enimiiia
670 826 805 892 luminis
839 826 952 902 babet,
985 827 1085 893 etiam
1109 846 1187 895 oum
1210 836 1340 923 perte·

214 948 391 1015 unissimas
415 949 516 1013 rimas
538 944 721 1028 inspioitnr.
745 943 850 1009 Video
870 944 971 1027 igitur
994 938 1240 1027 dispositionem
1264 963 1338 1013 ma·

213 1067 368 1153 notarum
390 1069 561 1137 aoourate;
584 1062 682 1128 video
703 1063 738 1128 in
764 1061 871 1127 media
888 1062 1032 1128 seotione
1054 1063 1178 1146 primae
1195 1066 1341 1148 quadrae

215 1181 542 1268 promontoriadno·
563 1181 689 1256 ineida3
723 1179 819 1246 video
852 1181 1011 1263 pantatim
1034 1186 1067 1247 et
1092 1181 1340 1267 vitri-gisoiatis

214 1303 365 1386 speciem.
389 1300 447 1366 bie
470 1298 581 1369 Sanoti
605 1299 737 1376 tnoobi,
770 1307 815 1366 nt·
833 1303 866 1364 et
888 1298 1016 1365 duobus
1049 1308 1127 1365 ante
1158 1302 1340 1394 mensibus,

213 1421 324 1487 notari
347 1421 382 1486 in
414 1421 490 1486 imo·
504 1436 608 1486 eornn
632 1419 757 1485 nedum
786 1419 940 1491 tucidum
963 1417 1107 1515 divisum
1136 1427 1169 1484 et
1193 1436 1213 1484 n
1234 1439 1339 1487 cornu

211 1544 371 1622 snpraet
393 1538 435 1603 ab
457 1543 607 1604 extremo
630 1537 712 1603 ineis
735 1537 889 1603 acumine
913 1536 955 1602 ad
976 1541 1108 1627 ortum.
1143 1537 1233 1616 Quos
1256 1539 1339 1605 dioi-

212 1674 288 1725 mus
309 1657 551 1735 onnioe,‚soieo
571 1673 764 1743 comparare
785 1655 990 1740 quadrupedi
1003 1657 1193 1747 impastum
1217 1660 1336 1735 menti,

214 1777 303 1843 rietn
324 1782 358 1842 et
379 1775 515 1859 pedibus
537 1776 749 1859 primoribns3
773 1777 871 1859 idone
894 1781 944 1842 est
965 1775 1098 1842 sinister
1119 1777 1237 1844 nonius
1251 1797 1270 1844 e
1284 1797 1337 1845 rs·

212 1893 436 1979 gionenestri
459 1895 578 1961 dextri.
600 1895 690 1961 liaeo
713 1892 837 1977 effigies
865 1912 945 1961 oum
967 1911 1054 1978 gens
1083 1893 1214 1972 dextra,
1246 1896 1337 1970 tatis,-

211 2011 296 2077 aima
313 2012 459 2089 maenia,
475 2013 844 2079 eonnectitur-flexuoso
860 2014 1011 2079 manniae
1027 2016 1142 2089 ductu,
1158 2015 1215 2097 qni
1227 2032 1337 2103 ,qnam

213 2130 364 2214 proxime
396 2128 598 2198 Graeoornm
619 2140 634 2196 ε
656 2137 878 2214 repraesentat
912 2135 946 2197 in
982 2133 1068 2218 typis
1100 2134 1231 2199 Henrici
1265 2135 1338 2203 Ste-

212 2248 323 2334 pbani.
345 2250 398 2317 ln'
411 2268 495 2336 gena
519 2252 589 2334 ipsa
604 2269 670 2319 sex
692 2250 862 2316 distinctas
900 2271 1041 2318 numero
1062 2253 1188 2319 tuoidns
1209 2254 1335 2321 insutas

211 2368 246 2436 in
263 2377 355 2436 reeta
373 2375 563 2436 unusversa
585 2388 701 2437 rersne
722 2389 769 2437 os.
831 2449 838 2458 .
930 2426 934 2435 .

278 2544 282 2551 .
301 2487 389 2555 Dum
404 2488 486 2555 bueo
497 2490 621 2568 snribo,
634 2491 667 2554 in
684 2507 802 2556 manns
813 2507 905 2555 meae
922 2492 1011 2557 venit
1024 2493 1212 2576 importuna
1223 2493 1340 2559 obertu
1362 2574 1368 2586 „

218 2605 360 2673 bominis
381 2609 518 2675 Bobemi
554 2610 713 2688 diutinae
735 2628 858 2676 excusa
882 2607 940 2697 (1).
969 2611 1088 2677 iliram
1124 2611 1341 2678 adolescentis

221 2727 459 2804 temeritatem,¹
473 2729 531 2811 qni
559 2730 808 2795 mussitantibus
841 2730 994 2796 omnibns
1028 2730 1132 2796 doctis
1158 2730 1340 2816 indigenis,

215 2843 306 2909 sotus
338 2844 540 2928 obloquitur,
574 2849 642 2931 ipse
676 2849 882 2932 peregrinus,
917 2867 951 2914 re
983 2849 1131 2915 nondum
1164 2859 1341 2932 oomperta.

217 2959 326 3027 Credo
354 2967 393 3027 ut
424 2962 639 3030 histrionibus
671 2983 832 3048 persona,
859 2966 906 3030 sio
928 2965 957 3029 ei
982 2965 1112 3030 novitas
1140 2972 1173 3030 et
1199 2965 1340 3032 nominis

218 3077 402 3145 obscuritas
424 3082 597 3148 andaciam
624 3081 759 3147 addidit.
783 3088 836 3146 An
859 3082 959 3148 hebes
978 3090 1015 3147 tu
1030 3079 1340 3148 fortassis'aemntos

218 3195 332 3273 tuine,
353 3198 410 3280 qni
432 3199 664 3266 conduxerunt
686 3216 819 3282 operam
855 3200 1032 3281 peregrini,
1061 3207 1099 3264 ut
1129 3216 1236 3264 meam
1258 3197 1340 3266 Gar-

218 3315 308 3379 mani
332 3316 529 3383 inridiosam
557 3320 818 3385 dissertationem
843 3317 1021 3401 petulantia
1044 3318 1178 3382 Bobernd
1201 3317 1340 3383 uioisoe·

215 3435 514 3521 rentur.1ndignae
532 3439 672 3522 paginae
694 3439 726 3502 in
751 3438 870 3519 onibus
888 3444 1015 3520 tempus
1031 3444 1130 3508 teres:
1154 3437 1211 3503 sed
1229 3443 1337 3502 umen

209 3550 288 3631 onia
311 3569 386 3633 mea
407 3553 546 3636 epistota
568 3555 729 3626 sbntitnr,
759 3553 859 3618 statui
894 3554 1052 3618 rationem
1089 3553 1144 3617 tibi
1162 3553 1333 3634 enodam-

209 3669 468 3757 modoreddere
484 3671 695 3738 iardaiieni
760 3705 764 3711 ·

300 3789 445 3854 Nosoere
469 3808 522 3855 me
536 3792 644 3874 eoepit
666 3793 807 3876 Progne,
823 3795 901 3858 anni
920 3800 998 3859 sunt
1021 3793 1153 3875 aliquot.
1173 3791 1335 3874 Superiori

205 3904 377 3986 januario,
405 3925 483 3974 enm
506 3925 607 3992 opera
631 3926 704 3974 rnen
729 3911 902 3994 indigeret,
927 3910 1194 3977 literisJBononia
1216 3907 1336 3973 missis

207 4018 293 4086 iores
322 4023 487 4092 aminitiae
526 4042 620 4092 meae
656 4026 785 4110 pulsare
818 4029 938 4110 eoepit:
963 4028 1020 4092 vix
1048 4026 1179 4091 tandem
1213 4024 1333 4108 agnovi

277 4245 311 4305 (Ι)
327 4244 364 4295 ΙιΙ
379 4243 595 4310 Peregrinatione
610 4249 636 4299 di
652 4251 769 4301 biartino
785 4251 885 4315 ilorky,
900 4251 1030 4314 inviatsgii
1045 4249 1208 4301 dstt’Autora
1224 4247 1266 4299 net
1290 4247 1340 4299 Ln-

201 4315 254 4380 oeito
268 4319 439 4384 preoedente.
454 4320 493 4371 Lo
507 4322 606 4388 suno
619 4336 636 4371 e
652 4323 677 4374 ie
692 4330 806 4388 protento
823 4327 847 4376 di
871 4325 987 4389 Keptern
1012 4326 1092 4376 tanne
1114 4328 1204 4387 aperta
1226 4323 1340 4374 testime-

202 4393 292 4445 nianza
309 4395 351 4446 det
368 4408 417 4447 ene
431 4394 475 4446 bet
491 4398 589 4448 animo.
