3090 5174
668 335 769 393 auno
796 326 882 390 1588
1319 329 1340 393 9

213 464 322 528 vitatis
345 466 413 530 dati
437 466 531 531 trusti
555 469 616 530 erit
639 469 722 531 inter
745 468 770 532 L
793 475 826 532 et
847 467 876 534 0
899 472 1008 552 signa,
1026 472 1058 532 in
1079 472 1113 534 Μ
1132 471 1265 535 scilicet.
1291 473 1338 536 lta

211 585 423 666 quodquam
447 586 563 651 babeat
587 587 747 651 rationem
775 588 974 669 quadratum
997 587 1051 653 DC
1076 588 1118 651 ad
1140 589 1341 668 quadratum

212 702 283 778 AB,
306 704 446 766 eandem
470 703 589 768 babeat
612 712 702 769 recta
726 705 787 770 [Μ
812 706 853 769 ud
877 711 999 768 rectam
1024 702 1098 770 ΜΟ.
1118 705 1214 783 Quod
1238 712 1274 770 ut
1297 707 1344 769 ita

211 819 267 894 sit,
288 819 490 882 invenienda
514 820 575 882 erit
598 820 806 886 solummodo
829 827 938 884 rectae
956 820 1011 886 bc
1028 827 1060 884 el
1075 820 1130 885 ab
1148 821 1240 884 tertia
1264 841 1343 904 pro·

211 936 417 1016 portionalis,
440 955 524 1018 quae
546 922 587 1001 sit
610 938 673 1017 PQ.
690 939 759 1004 Erit
782 957 860 1022 crgo
882 939 936 1005 bc
962 939 1002 1002 ad
1026 939 1080 1017 ΡΟ
1102 939 1187 1002 sicut
1210 940 1271 1004 [Μ
1296 939 1339 1002 ad

211 1053 296 1120 MO:
320 1056 374 1120 vel
397 1057 614 1137 compositum
637 1075 680 1120 ex
703 1059 800 1122 rectis
832 1057 886 1124 DC
908 1066 942 1121 ct
966 1058 1021 1136 ΡΟ
1048 1056 1091 1120 ad
1119 1036 1247 1122 rectam
1266 1030 1341 1136 nc,

210 1173 295 1238 sicut
318 1173 373 1240 LO
391 1175 431 1238 ad
452 1176 524 1240 LM.
543 1176 652 1239 Facile
676 1195 754 1260 ergo
772 1195 828 1258 per
846 1177 867 1242 9
886 1177 969 1241 sexti
988 1176 1093 1242 Elem.
1116 1177 1262 1241 Euclidis
1285 1178 1339 1241 in-

210 1293 319 1356 venies
342 1294 561 1373 quantitatem
584 1303 694 1360 rectae
717 1296 794 1370 th,
810 1313 876 1377 qua
894 1297 1081 1377 quaesitum
1097 1302 1249 1361 centrum
1264 1314 1340 1377 gra·

210 1409 321 1474 vitatis
342 1411 412 1475 dati
434 1411 531 1476 trosti
553 1412 743 1479 innotescet
765 1414 861 1481 Certe
877 1414 930 1478 bic
948 1413 1156 1479 confitendus
1178 1415 1256 1491 erit,
1279 1415 1341 1480 do·

208 1528 351 1594 ctissime
377 1528 540 1620 tlalitaee,
566 1531 653 1596 banc
679 1539 772 1597 tuam
802 1533 1027 1597 inventionem
1051 1532 1185 1613 dignam
1207 1548 1278 1599 esse
1300 1539 1340 1598 nt

209 1663 248 1708 ea
271 1662 291 1709 a
314 1649 444 1712 cunctis
468 1648 527 1712 bas
551 1657 638 1714 artes
664 1650 845 1716 colentibus
868 1651 953 1715 mira
975 1651 1261 1735 congratulatione
1283 1669 1340 1716 ac-

213 1761 368 1841 cipiatur,
385 1769 419 1826 et
432 1763 490 1827 tibi
509 1782 568 1845 pro
586 1765 643 1829 tali
664 1766 821 1831 beneficio
838 1767 962 1849 gratias
980 1772 1129 1829 aeternas
1146 1765 1337 1832 babeamus.

202 1925 205 1931 .
293 1878 385 1943 Bella
408 1880 563 1946 intestina
585 1881 782 1948 miserabilis
804 1891 935 1947 nostrae
957 1882 1120 1946 interioris
1142 1880 1340 1949 Germaniae

208 1997 291 2060 adeo
306 1997 469 2062 bonarum
487 2001 607 2063 artium
626 2001 736 2065 studia
750 2002 999 2084 extinguerent,
1013 2002 1061 2064 ita
1074 2000 1161 2082 quod
1179 2001 1236 2066 vix
1251 2002 1340 2082 apud

207 2133 267 2180 nos
295 2118 440 2197 aliquem
467 2117 615 2182 invenies
641 2119 698 2199 qui
725 2118 778 2182 bis
804 2119 931 2184 artibus
953 2125 986 2183 et
1008 2119 1125 2183 studiis
1152 2119 1262 2182 lavere
1286 2119 1338 2181 vi·

207 2235 333 2301 deatnr.
353 2235 494 2313 Quidam
519 2236 723 2303 coloniensis
739 2240 866 2314 tamen,
881 2237 1015 2301 nomine
1030 2235 1217 2317 Ludolpbo,
1232 2253 1336 2317 nuper

207 2353 298 2418 nobis
323 2354 493 2436 proposuit
515 2354 626 2435 aliqua
649 2354 854 2435 problemata
875 2354 1088 2436 geometrica,
1106 2372 1250 2434 quorum
1268 2371 1335 2417 non

204 2471 324 2555 pigebit
346 2489 451 2538 nuum
475 2472 528 2536 bic
551 2472 759 2538 adscribere:
780 2473 826 2538 Sit
844 2473 989 2538 circulus
1004 2471 1118 2538 Bcnfl
1141 2466 1192 2557 (t)
1211 2472 1339 2537 divisus

206 2589 334 2653 duabus
357 2589 528 2653 diametris
550 2590 605 2655 BD
627 2597 659 2654 et
681 2590 756 2668 Cli,
778 2608 848 2656 sess
870 2590 1057 2655 secantibus
1079 2589 1125 2653 ad
1147 2595 1253 2654 rectos
1276 2607 1338 2654 an·

207 2707 301 2788 gulos
328 2709 363 2772 in
389 2716 504 2773 centro
527 2714 567 2774 A.
597 2709 764 2774 Diameter
787 2710 842 2774 BD
864 2716 994 2775 secetur
1016 2708 1200 2774 secundum
1223 2717 1335 2772 extre-

206 2841 295 2889 mam
321 2832 355 2889 et
381 2829 523 2893 mediam
551 2830 713 2894 rationem
740 2830 775 2894 in
803 2827 842 2895 G.
870 2829 922 2894 Ex
950 2826 979 2894 G
1007 2829 1108 2893 duces
1131 2833 1257 2893 rectam
1279 2825 1334 2892 GF

205 2945 506 3024 perpendicularem
530 2948 691 3014 diametro
709 2949 777 3023 BD,
800 2957 833 3013 et
849 2949 891 3012 sit
906 2954 996 3037 recta
1009 2945 1064 3012 ΕΜ
1089 2947 1235 3027 aequalis
1253 2945 1333 3013 AC:

204 3062 413 3144 punctumF
444 3072 554 3129 autem
583 3067 766 3147 conjunges
801 3073 891 3129 recta
912 3072 1026 3128 centro
1058 3069 1106 3141 A,
1128 3082 1213 3146 quae
1246 3070 1333 3126 secet

203 3178 318 3242 circuli
340 3179 638 3244 circumferentiam
661 3182 695 3243 in
719 3184 842 3262 puncto
865 3181 894 3254 1,
919 3198 1023 3261 aquo
1039 3181 1172 3243 tandem
1192 3179 1233 3242 ad
1251 3194 1336 3258 pun·

203 3303 297 3362 otum
318 3298 344 3362 B
368 3303 458 3362 recta
481 3297 631 3362 ducenda
649 3297 724 3370 erit,
744 3297 825 3361 baec
848 3297 977 3361 dirimet
996 3297 1112 3360 circuli
1136 3296 1334 3360 diametrum

202 3415 235 3478 in
258 3414 300 3479 K.
324 3413 545 3479 Inveniendac
567 3413 639 3495 jam
662 3420 740 3478 sunt
763 3413 962 3495 quantitates
989 3421 1155 3477 rectarum
1178 3411 1251 3489 ΒΚ,
1274 3411 1335 3485 Kl,

202 3532 275 3609 (lli,
298 3541 330 3598 ct
352 3535 425 3600 KH.
450 3534 520 3599 lloc
543 3533 712 3614 problema
736 3551 813 3598 vero
836 3532 1038 3598 absolvimus
1056 3532 1222 3597 admicnlo
1237 3547 1334 3615 prae-

201 3658 371 3735 ceptorum
393 3660 427 3716 et
450 3653 639 3735 regularum
663 3653 743 3717 artis
765 3669 921 3737 magnae,
938 3653 1008 3716 sive
1024 3651 1206 3733 Algebree:
1230 3669 1332 3733 quare

202 3773 229 3837 si
254 3770 353 3853 hujus
376 3773 455 3836 artis
478 3772 717 3853 speculationes
735 3772 793 3837 tibi
816 3773 906 3836 cordi
929 3773 1010 3850 siut,
1034 3772 1166 3854 poteris,
1184 3771 1211 3835 si
1229 3771 1333 3846 iubet,

201 3890 262 3953 boc
289 3891 494 3972 praedictum
518 3892 685 3974 problema
710 3899 769 3956 tuo
791 3893 890 3956 modo
913 3891 1123 3975 investigare.
1157 3891 1215 3954 llis
1238 3888 1333 3963 vale,

207 4009 393 4075 doctissime
419 4009 588 4088 Galliaco,
611 4019 643 4075 et
666 4028 743 4076 cum
763 4012 856 4076 nobis
878 4012 952 4093 plus
974 4011 1038 4075 ocii
1061 4028 1081 4074 a
1104 4008 1230 4090 superis
1253 4025 1333 4072 eon·

200 4129 349 4205 cedetnr,
370 4135 450 4193 tunc
474 4130 585 4210 aliqua
604 4136 735 4194 nostrae
749 4129 948 4195 inventionis
964 4129 1021 4193 tibi
1041 4126 1332 4194 comunicabimus.

273 4274 306 4334 (t)
324 4271 386 4322 Tar.
404 4271 425 4330 l,
443 4271 500 4335 Fig.
516 4277 540 4321 2.

682 4362 860 4392 -Φι-

285 4458 408 4514 (laurenc
427 4459 595 4517 Gaurum·
616 4463 646 4518 Τ.
669 4463 745 4520 vlu.
1194 4461 1212 4514 ‘2
