3090 5174
658 349 765 407 adito
790 336 872 403 tdtt
1270 341 1331 408 1³1

203 487 276 551 titas
298 484 419 560 rideo,
439 482 583 567 macula
608 483 812 569 respondebo
834 484 876 549 ad
901 486 973 549 ittas
999 486 1040 553 13
1067 487 1151 555 nov.
1175 488 1216 552 ed
1249 488 1336 554 Orn-

203 608 320 668 torem.
342 601 452 675 t't'ene¹
470 600 553 665 mira
571 601 824 667 estemrvrtio
840 602 941 667 vetuti
959 602 1047 666 iliius
1066 603 1256 685 tricorporis
1270 589 1337 671 Ge·

205 721 343 804 monis,
363 720 402 783 in
423 736 491 801 quo
513 718 799 801 vincenduetnqoe
821 726 926 785 terras
947 719 1141 785 deducendo
1162 727 1198 785 tu
1222 728 1254 785 te
1287 724 1338 788 at-

204 846 316 905 terum
339 835 529 921 praestitisti
552 836 740 902 flercnim
764 837 833 902 Etsi
851 854 951 903 careo
967 838 1094 902 idoneis
1111 839 1338 906 instrumentis

203 955 418 1041 dignoecendi
441 964 507 1021 tres
528 955 629 1021 dome
649 956 789 1040 pindos,
812 972 920 1038 nenne
940 957 1029 1040 qnod
1055 957 1188 1023 iiieetor
1210 956 1257 1045 11)
1277 960 1338 1025 aba

207 1082 244 1138 te
277 1073 397 1148 babet,
432 1070 587 1137 idoneum
621 1070 772 1158 inisset(
796 1072 1044 1157 quadrangulus
1070 1075 1159 1139 enim
1192 1075 1341 1141 exhibuit

202 1191 339 1265 uetita,
361 1191 538 1273 ipsumque
558 1189 644 1254 adeo
664 1188 869 1276 Saturnum)
904 1198 1072 1257 caeterum
1103 1192 1190 1273 quod
1223 1195 1339 1259 attinet

206 1309 347 1393 speciem
371 1308 608 1391 tricorporem,
632 1308 742 1373 videre
768 1315 799 1373 te
816 1309 919 1392 juneo
939 1310 1041 1374 etiam
1061 1320 1160 1392 etque
1175 1312 1276 1376 etiam
1296 1330 1338 1376 an

205 1428 429 1511 perpetuosit
451 1434 629 1493 eosrtsusx
652 1436 800 1510 superest
822 1428 934 1505 enim,
966 1435 1002 1493 ut
1036 1429 1161 1511 pictu-
1183 1429 1277 1493 rides
1306 1431 1338 1493 in

203 1546 313 1631 tipura
337 1541 410 1631 (2),
431 1543 551 1609 modos
568 1562 636 1626 quo
650 1550 717 1609 tres
736 1563 803 1609 non
820 1544 969 1627 mtigoi
991 1545 1165 1611 videantur
1182 1547 1339 1630 contigui.

205 1667 315 1745 amne
336 1662 401 1729 boo
421 1662 451 1728 si
472 1666 523 1728 est
544 1662 634 1744 quod
656 1663 773 1744 pinxi,
796 1663 953 1747 possibile
973 1679 1054 1729 sane
1078 1669 1179 1729 estut
1196 1666 1339 1746 rinuieti

204 1783 270 1849 sint
291 1782 376 1851 cuti
399 1788 554 1865 respectu.
571 1781 625 1847 sui
646 1782 805 1864 ipsorum.
824 1783 966 1849 transitu
980 1782 1121 1849 Tetiuris
1137 1801 1180 1847 ex
1199 1787 1225 1846 a
1245 1783 1278 1846 in
1299 1784 1339 1857 B,

204 1907 391 1984 penatent
411 1902 539 1977 dium,
561 1901 667 1984 sitque
688 1901 715 1967 C
739 1903 773 1965 in
796 1902 1032 1982 consequentia
1055 1920 1097 1966 ex
1121 1902 1147 1966 tt
1175 1901 1341 1984 quiesset

202 2039 244 2086 ex
267 2026 294 2086 A
319 2022 353 2085 in
376 2021 613 2087 antecedentia.
932 2005 937 2013 ’

290 2140 360 2205 Hoc
383 2139 486 2221 igitur
507 2145 591 2205 esset
615 2146 850 2223 argumentum
875 2146 984 2204 motus
1008 2140 1128 2203 Terrae
1152 2147 1183 2201 et
1219 2139 1342 2220 Spirae·

201 2273 258 2322 rae
285 2256 534 2341 chemieam
555 2264 592 2323 at
614 2258 760 2323 noudum
785 2257 1032 2341 Pythagoreas:
1056 2275 1205 2340 proque
1235 2275 1254 2322 a
1290 2276 1342 2322 me

200 2382 278 2443 ante
309 2374 468 2453 tredecim
502 2392 609 2443 annos
642 2374 832 2460 pubiicata,
865 2375 945 2458 quid
984 2383 1021 2445 tn
1053 2394 1097 2441 ex
1131 2376 1206 2443 visu
1240 2377 1343 2459 possis

201 2510 351 2577 promere
381 2492 473 2561 aiiud
502 2508 603 2576 qnam
641 2494 798 2558 stationes
836 2500 869 2558 et
906 2492 1226 2578 retrogradationes,
1260 2492 1343 2557 mire

203 2612 303 2696 cupio
322 2612 419 2681 acne
440 2612 476 2681 Si
498 2611 555 2679 sot
577 2617 718 2696 gyratur
743 2612 784 2677 ad
809 2629 943 2678 sensum
966 2610 1157 2688 oculorum,
1185 2616 1234 2675 est
1256 2611 1344 2692 quod

206 2733 266 2798 sint
291 2732 535 2802 commentaria
560 2749 633 2797 mes
656 2730 772 2797 Martis
795 2732 1025 2816 gratulentur3
1049 2738 1082 2795 at
1101 2732 1248 2797 nondum
1268 2730 1343 2793 ideo

208 2852 290 2916 vicit
300 2850 519 2935 Pythagorico
530 2850 706 2925 ordinatio,
721 2867 761 2915 ac
773 2868 815 2915 ne
827 2850 1028 2931 Coperuicus
1041 2850 1173 2931 quidem
1191 2865 1342 2931 expresse

208 2971 315 3054 piane.
337 2975 382 3036 at
404 2970 431 3037 ri
453 2976 526 3047 est,
543 2969 632 3052 quod
652 2942 767 3051 pinxi,
798 2968 921 3050 aliquid
948 2967 1097 3033 inuretur
1120 2984 1199 3030 sane
1234 2973 1343 3030 motus

208 3089 328 3155 Terrae
348 3088 606 3174 Copernioanus.

300 3207 476 3277 Caeterum
499 3207 580 3274 ninii
603 3209 711 3292 magis
735 3207 776 3271 ad
801 3205 925 3270 tamam
950 3205 1180 3268 inventionum
1211 3211 1344 3267 tuarum

212 3327 318 3393 iacere
341 3328 456 3404 scibo,
489 3327 553 3399 nisi
588 3329 617 3393 si
651 3326 779 3395 miseris
801 3326 937 3407 ‚nitrum
973 3321 1152 3388 rotundum
1181 3322 1346 3386 maximae

210 3445 369 3530 sphaerae
391 3446 577 3530 portionem
600 3445 855 3528 exquisitissime
879 3443 1025 3526 potitam.
1048 3441 1156 3509 Caras
1176 3440 1276 3505 tentes
1292 3438 1344 3502 hio

213 3562 309 3628 truite
333 3562 612 3646 comparabimus.
1404 3547 1407 3551 ’

302 3680 423 3765 Scripsi
447 3679 659 3765 utoptrtcen,
686 3698 771 3764 quae
795 3680 953 3764 superiori
983 3679 1163 3761 Septembri
1198 3675 1346 3739 venitin

214 3813 331 3862 manus
351 3797 551 3867 emmim
574 3797 744 3863 Eiectoris.
768 3798 853 3862 Puto
876 3796 956 3861 ninii
980 3813 1000 3860 a
1024 3813 1076 3860 me
1111 3797 1348 3877 praeteritum,

213 3910 301 3996 quod
324 3930 389 3980 non
410 3920 461 3980 ex'
478 3915 549 3980 suis
571 3914 681 3981 causis
705 3913 1012 3979 demonstraverim.
1033 3910 1192 3993 Equidem
1210 3923 1350 3991 campus

214 4039 264 4098 est
286 4034 461 4111 exercendi
484 4035 631 4119 ingenii:
652 4033 787 4117 prodeat
810 4031 1017 4114 quiescitis
1038 4030 1238 4115 demonstret
1258 4026 1351 4108 prin·

208 4134 329 4276 pipii's„
350 4148 454 4237 qnam
473 4152 593 4235 quibus
616 4171 676 4239 ego
699 4169 774 4217 sum
798 4168 886 4216 usus.
915 4230 919 4235 Δ

240 4318 246 4335 ’
285 4353 322 4417 ιι)
339 4352 372 4403 nt
386 4351 503 4405 cumo.

283 4427 317 4487 (a)
334 4424 431 4478 Tarnis
447 4426 470 4485 t,
486 4425 541 4490 dig.
560 4432 584 4477 5.
