3090 5174
212 369 275 436 tlt
570 366 741 439 terruere
761 381 786 435 n
806 376 971 436 ostreno

210 522 267 582 nni
291 535 351 582 sua
375 517 512 580 seorsim
537 515 656 579 ederet.
687 514 862 581 Caeterum
892 484 989 575 is'itn
1011 526 1046 573 se
1068 510 1341 589 comparaverat,

210 645 245 701 ut
268 637 351 700 citra
374 634 589 700 offensionem
614 632 724 716 repelli
749 649 815 698 non
839 635 960 714 posset,
978 626 1067 710 qnod
1084 630 1175 690 tento
1191 627 1343 690 concessi

211 751 352 826 facilius,
376 750 464 831 quod
488 750 722 832 perpenderem
746 746 900 830 temporis
917 743 1136 810 diuturnitate
1153 759 1272 807 omnes
1289 742 1343 808 fn·

199 872 369 962 riosornm
394 869 618 934 oblocutiones
636 866 734 935 tncile
755 867 978 948 expiraturus,
1001 863 1083 929 love
1107 861 1242 924 interim
1261 877 1340 925 cnm

209 1007 268 1052 suo
292 987 454 1051 famulitio
478 992 668 1068 perpetuam
693 985 843 1050 semitam
868 986 1031 1066 pergente.

299 1107 477 1174 Certiorem
501 1114 533 1170 te
557 1105 672 1181 reddo,
695 1104 823 1172 vertisse
847 1103 889 1168 ud
914 1120 966 1166 me
987 1100 1141 1164 besterna
1167 1098 1223 1163 die
1246 1101 1342 1168 Mer-

210 1228 315 1290 tinum
338 1225 467 1306 Horky,
491 1223 645 1288 reducem
668 1239 711 1286 ex
735 1222 841 1297 ltnlie,
864 1222 1017 1303 quamvis
1032 1219 1153 1302 possim
1170 1220 1205 1282 in
1224 1219 1341 1284 itinere

209 1361 318 1409 mores
342 1343 500 1409 nexuerit.
521 1343 641 1407 blirnm
664 1347 697 1407 et
719 1340 929 1424 speciabilem
956 1337 1237 1408 oocnmntionemr
1260 1355 1338 1402 num

208 1465 262 1527 itte
285 1463 454 1528 exultante
483 1461 595 1538 vultu,
624 1466 657 1526 et
681 1458 782 1526 veluti
818 1458 1022 1550 triumphato
1054 1453 1203 1524 Gellleeo
1226 1466 1341 1525 ment

209 1580 465 1646 consentientem
492 1579 728 1661 alloqueretur,
756 1596 817 1661 ego
842 1593 923 1640 vero
945 1575 1175 1657 responderem
1205 1592 1251 1638 ex
1275 1573 1342 1638 tor-

209 1701 300 1765 mnln
336 1699 492 1783 epistolii,
515 1717 582 1782 quo
604 1697 664 1781 ipsi
695 1697 875 1762 amicitiem
909 1695 1182 1760 renunoinrerem
1210 1691 1273 1781 (1).
1304 1695 1339 1759 ld

209 1825 301 1886 tento
324 1827 501 1901 utrumque
523 1819 629 1904 magis
663 1816 882 1901 perturbavit,
917 1814 1006 1898 quod
1040 1831 1101 1883 neo
1122 1814 1178 1883 ille
1201 1815 1245 1885 de
1267 1833 1340 1881 mee

209 1936 456 2003 renunciatione
478 1936 601 2004 soiebet
623 1932 766 2020 (qnippe
790 1934 905 2004 literne
928 1950 1021 2002 mene
1053 1933 1240 2002 Bononiam
1264 1954 1342 2018 per-

210 2054 294 2118 tetee
316 2059 393 2119 eunt
416 2058 489 2137 post
510 2053 581 2134 ejus
602 2050 820 2137 discessum),
843 2068 949 2133 neque
971 2069 1033 2135 ego
1055 2051 1151 2121 stiter
1171 2069 1277 2135 quen
1293 2053 1342 2122 le·

207 2177 299 2235 ctum
321 2169 369 2235 illi
391 2169 580 2252 epistolium
595 2170 745 2236 animum
764 2169 973 2239 induxeram.
989 2172 1067 2240 Post
1081 2169 1223 2239 multem
1240 2172 1342 2239 elter-

209 2291 373 2354 oetionem
388 2287 522 2354 demum
541 2287 646 2370 petuis
661 2305 753 2354 error
768 2289 939 2370 utriunque
955 2290 1223 2373 persuesionnmz
1239 2298 1339 2374 amne

210 2406 266 2472 ille
289 2404 369 2471 milri
394 2420 530 2484 suerum
553 2405 719 2473 mtionum
742 2411 922 2492 momente,
944 2406 995 2473 sui
1025 2408 1247 2486 certissimus,
1269 2409 1340 2477 sin·

209 2522 377 2588 cerissimo
401 2522 529 2591 ettectn-
543 2523 724 2598 reconsuite
737 2541 799 2606 epo
814 2524 862 2593 illi
877 2531 1072 2610 argumente
1089 2542 1151 2595 sus
1165 2525 1264 2604 snivi,
1279 2541 1338 2594 seu

207 2635 316 2716 potins
339 2638 496 2718 oppressi,
519 2636 600 2705 nibil
622 2638 691 2717 nisi
708 2639 790 2705 meis
812 2640 915 2722 ipsius
949 2641 1235 2711 observationibus
1261 2659 1337 2724 pro-

209 2756 288 2836 priis
311 2756 456 2839 ingestis.
474 2757 547 2825 Non
570 2765 651 2833 eret,
668 2758 796 2839 opinor,
818 2760 1034 2837 constentino,
1057 2778 1123 2830 nnn
1145 2779 1190 2831 ex
1208 2760 1335 2831 rosod-

208 2880 274 2939 tnte
297 2873 417 2954 publici
442 2874 567 2957 scripti,
584 2875 627 2941 od
644 2875 783 2959 primum
804 2893 913 2945 menm
929 2879 1120 2947 instantiam
1135 2882 1335 2949 renuntiem

207 2995 346 3059 mutere.
368 2994 492 3061 unum
516 2993 578 3061 beo
601 2993 674 3061 rice
696 2995 730 3064 in
753 2996 931 3062 sententie:
954 3004 1120 3066 caeterum
1140 2999 1337 3082 doluitpee·

207 3111 291 3177 sime
313 3129 417 3195 quum
443 3113 488 3183 illi
512 3131 740 3193 recenserem,
761 3115 842 3198 qnid
874 3117 917 3183 nd
941 3124 973 3184 te
994 3118 1207 3201 scripsissem.
1242 3119 1336 3187 Tune

202 3232 289 3296 enim
313 3234 407 3314 qnesi
431 3233 493 3301 bon
517 3236 616 3302 unico
644 3236 752 3302 tebore
767 3239 944 3322 proposito,
964 3254 1097 3304 summe
1112 3238 1335 3320 persuasionis

201 3348 234 3411 vi
248 3365 300 3415 me
315 3368 505 3433 oppugnare
520 3354 637 3435 coepit,
651 3362 687 3420 ut
704 3355 744 3420 de
758 3364 916 3440 concepta
932 3358 1085 3441 opinione
1101 3376 1153 3423 me
1168 3356 1334 3440 dejiceret,

203 3465 283 3530 nibil
308 3467 414 3549 ipsum
438 3470 672 3551 sycophanttee
693 3480 878 3540 contremo
900 3475 1021 3557 egisse:
1038 3478 1175 3543 omnino
1194 3495 1334 3560 perenn

204 3600 277 3648 sum
302 3585 412 3660 luisse,
436 3586 654 3669 bennenom
679 3589 803 3673 ipsein
827 3593 985 3675 scriptum
1009 3612 1108 3662 sunm
1143 3596 1334 3663 trnnstnlie·

164 3728 169 3746 ·
200 3708 265 3780 set,
287 3720 356 3769 esee
379 3705 557 3786 genuinum
582 3724 689 3773 meam
724 3712 932 3775 sententiam.
956 3711 1133 3780 Fnciebent
1156 3714 1256 3787 tidem
1281 3717 1334 3781 bis

199 3822 463 3888 artestationibus
486 3825 585 3889 etiem
609 3834 817 3909 argumente,
842 3831 961 3912 quibus
997 3836 1179 3901 etiamnum
1213 3843 1330 3901 contre

197 3939 340 4004 lorieles
364 3940 534 4021 satellites,
558 3945 705 4027 adeoque
729 3953 761 4013 et
783 3958 898 4015 contre
923 3968 1013 4018 mens
1040 3954 1142 4035 ipsius
1168 3955 1329 4025 observe-

199 4057 313 4134 tiones,
338 4076 510 4145 meamque
533 4065 754 4131 nerretionem
780 4066 906 4154 (qoem
928 4087 1041 4135 eorem
1071 4073 1228 4163 exhibui)
1261 4091 1330 4159 pn·

198 4182 276 4255 gnnt
302 4181 469 4245 acerrimo.
494 4181 541 4247 lle
560 4183 598 4248 iis
621 4203 707 4264 vero,
722 4205 807 4267 quse
821 4195 936 4253 contre
955 4197 985 4254 te
1001 4191 1116 4257 durius
1132 4187 1329 4277 scripsisset,

268 4406 300 4463 ll)
319 4406 413 4458 Allude
429 4410 477 4463 elle
495 4413 588 4463 lettere
605 4414 647 4465 del
663 4421 677 4463 o
694 4416 793 4480 Agostn
809 4418 840 4466 de
859 4418 902 4468 noi
919 4433 967 4481 prrr
983 4435 1029 4471 ors
1046 4427 1140 4472 rocula.
