3090 5174
285 115 304 164 l

198 283 245 348 st
560 289 733 378 uernans
754 291 777 345 ι
797 287 963 345 ιιιιιιο

202 428 279 513 quie
299 433 393 493 esset.
410 423 508 507 Coepi
528 374 568 487 tle
584 440 671 487 novo
694 423 804 491 iuvere
820 420 961 495 homini,
978 417 1066 500 quoti
1088 413 1271 481 studiosus
1290 433 1342 479 es-

202 559 251 617 set
272 555 306 614 et
332 549 500 613 lltersrnm
523 553 556 612 ct
577 545 653 609 mei.
669 541 712 610 Ut
734 543 877 625 primum
901 538 1047 604 intellexi
1070 553 1112 601 ex
1135 535 1214 619 eins
1237 536 1342 601 literis

204 684 277 735 esse
291 665 349 732 tibi
365 665 622 738 obtrectatores,
645 661 752 745 ipsum
774 675 854 724 vero
872 659 965 738 omni
985 653 1096 720 sindiu
1117 651 1234 736 vulgi3
1259 669 1343 737 gna·

201 805 259 853 rus
289 799 389 868 qnam
412 801 450 847 ea
473 781 569 846 novis
591 780 719 845 obstent
743 775 902 852 inventis,
926 772 1098 858 properavi
1122 771 1167 836 ad
1196 779 1235 836 te
1258 771 1341 837 scri-

205 908 296 979 isere,
326 903 355 966 si
379 901 462 967 ioris
486 900 703 982 praeriperem
727 895 926 960 occasiones.
949 891 1000 958 Ad
1023 892 1132 974 ipsum
1161 889 1339 973 exemplet

202 1019 359 1105 epistolae
382 1018 560 1100 impressae
595 1015 685 1091 misi,
705 1019 744 1079 ut
766 1030 809 1076 ex
831 1027 870 1076 en
892 1010 1032 1074 disceret
1064 1009 1116 1073 vel
1138 1025 1266 1093 supere
1290 1010 1338 1074 ret

203 1145 295 1206 certe
310 1160 404 1212 mpii.
420 1133 506 1215 Quid
531 1149 613 1199 vero
634 1134 663 1199 is
683 1151 725 1197 eo
746 1131 869 1207 iecerit,
890 1130 1003 1195 vites:
1026 1128 1210 1193 amicitiam
1232 1129 1338 1206 nnnc,

202 1261 356 1340 inquam,
372 1254 430 1318 vix
453 1254 532 1317 ium
554 1249 785 1316 obscurissime
800 1248 924 1330 spirare
943 1246 1060 1323 visam,
1080 1263 1160 1311 nece
1177 1245 1334 1313 amom-

202 1378 288 1442 simn
308 1373 477 1460 jugulavit
502 1368 561 1458 (1).
584 1374 752 1437 Arcnnum
777 1369 838 1434 noo
858 1367 966 1446 etiem
981 1366 1121 1441 scillcet,
1140 1372 1336 1431 revocatum

207 1502 241 1558 te
263 1510 283 1558 a
307 1510 360 1558 mo
383 1491 426 1557 ati
448 1490 610 1575 principis
632 1495 765 1556 tucrum
787 1483 1077 1552 observationum?
1099 1483 1248 1558 scilicet,
1273 1500 1334 1549 nou

207 1611 362 1696 ipse'lroc
384 1611 419 1675 ln
443 1606 645 1694 praelatione
667 1603 931 1682 dixernmiiloe
963 1602 1149 1686 eonlscurre
1177 1609 1241 1668 aut
1264 1619 1336 1686 prn-

206 1733 312 1797 dltore
334 1747 417 1814 opus
445 1728 530 1794 initi
552 1733 595 1793 At
617 1743 684 1792 nou
706 1725 781 1791 iden
804 1723 951 1790 recessui
986 1721 1076 1805 quoti
1108 1719 1218 1787 simile
1241 1726 1336 1788 entes

208 1850 307 1918 inerit
328 1849 562 1923 observatum,
585 1854 624 1913 ut
645 1847 715 1929 ipse
736 1844 947 1919 chironium,
963 1840 1021 1907 sei
1043 1845 1082 1906 ni
1101 1838 1225 1904 essuri
1240 1838 1337 1904 cstls·

207 1978 282 2034 rent
303 1967 447 2050 plurium
484 1965 744 2040 testimonioset
767 1970 805 2027 ut
825 1961 961 2045 epistola
990 1975 1063 2026 men
1096 1958 1175 2024 ineo
1195 1963 1337 2030 mmet.

205 2083 414 2169 'ingenuitate
437 2098 499 2147 sua
536 2082 751 2148 luoreieciens
774 2078 923 2145 aemulos
955 2086 989 2144 ct
1020 2077 1215 2162 pertinaces.
1238 2075 1338 2159 Saepe

211 2198 286 2262 ireti
311 2197 475 2262 satientur
497 2196 617 2279 exigue
641 2194 734 2260 exosi
750 2195 891 2268 mnlcta3
906 2201 941 2260 at
954 2210 1021 2260 non
1037 2193 1105 2260 ille:
1119 2192 1201 2276 quin
1217 2211 1335 2278 expro-

90 2353 95 2364 ·
210 2316 299 2390 brat,
318 2314 438 2397 jactat,
460 2313 612 2389 insultat,
631 2318 738 2398 auget.
764 2313 797 2379 st
811 2313 900 2395 quod
916 2319 947 2378 te
964 2313 1084 2379 habere
1097 2310 1167 2376 dixi
1186 2327 1337 2378 meorum

212 2430 320 2496 simite
346 2428 440 2501 ,circa
475 2428 622 2494 macules
657 2429 783 2504 Lunae,
808 2434 843 2494 at
865 2434 899 2493 et
921 2430 1015 2513 plura
1048 2429 1170 2494 nabere
1191 2435 1226 2494 te
1255 2429 1338 2501 dixi,

211 2566 271 2614 nec
294 2552 484 2614 mutuatum
508 2547 575 2612 nixi
599 2547 661 2612 troc
686 2549 719 2612 in
744 2549 801 2613 illa
823 2550 953 2632 publice
975 2547 1127 2632 epistoia;
1146 2547 1338 2615 temeritatis

212 2665 357 2748 proiecto
387 2672 472 2731 esset
495 2666 527 2730 in
550 2663 731 2743 affirmare,
753 2684 850 2749 saepe
872 2668 1010 2733 (liversis
1031 2668 1074 2732 ati
1097 2664 1244 2733 eundem
1264 2683 1340 2733 sco·

213 2802 293 2867 pum
317 2785 514 2852 convenitur
538 2786 609 2850 viis.
633 2785 665 2851 Si
689 2803 742 2850 nro
756 2785 860 2851 credit
877 2787 986 2868 aliqua
1008 2786 1338 2852 obiierinnnerevo-

212 2900 323 2978 inisse,
348 2920 388 2968 ne
410 2919 533 2984 quaeso
563 2920 616 2967 mc
650 2903 804 2968 oscitasse
836 2910 944 2986 putet,
976 2904 1033 2985 qni
1066 2903 1267 2988 neglexerim
1307 2903 1340 2967 itt

106 3099 110 3105 ¹
210 3029 322 3105 aperte
345 3021 467 3086 licere:
492 3039 543 3086 me
577 3022 657 3087 milti
691 3022 864 3105 relinquat.
892 3023 963 3107 ligo
993 3038 1059 3087 non
1090 3022 1246 3086 existimo
1271 3021 1342 3085 cni·

211 3155 312 3222 qnam
344 3137 440 3204 licere
455 3139 488 3205 in
511 3158 680 3223 quoquam
703 3139 812 3206 aliena
826 3157 1072 3226 recognoscem
1088 3139 1150 3203 nisi
1164 3139 1223 3222 qui
1242 3138 1338 3204 suam

214 3256 407 3339 peculiaria,
432 3276 534 3334 nove,
562 3276 653 3330 rara,
675 3259 829 3340 pulelrra,
851 3277 936 3341 quae
972 3257 1113 3332 invenit,
1143 3274 1340 3341 agnoscere,

212 3393 330 3458 cepere
355 3382 387 3438 et
411 3375 595 3440 discernere
614 3383 710 3457 aptus
729 3382 787 3438 est.

287 3493 348 3557 Sed
372 3492 451 3555 nihil
477 3493 581 3575 magis
600 3510 652 3556 me
675 3494 806 3576 pungit,
827 3511 926 3575 quam
950 3495 1037 3576 quod
1062 3494 1211 3561 laudibus
1225 3494 1340 3560 meei-

215 3609 287 3684 iert‚
310 3616 442 3692 sputum
469 3611 619 3675 hominis.
644 3611 885 3678 Contumeliam
909 3613 991 3679 milri
1016 3614 1127 3692 interi,
1142 3617 1341 3699 quicumque

215 3726 345 3793 landem
369 3728 518 3794 criminis
546 3723 678 3811 ouaerit
700 3748 742 3793 ex
765 3746 836 3794 mea
862 3730 1095 3814 qualicumque
1118 3733 1216 3799 lama.
1239 3733 1342 3801 [iubi-

214 3849 371 3915 tstinnem
397 3848 476 3914 milri
499 3847 649 3930 impingit
672 3849 884 3931 essequod
907 3851 1039 3916 salvum
1068 3854 1157 3918 volui
1181 3855 1342 3937 cuiusque

207 3966 384 4050 indicium.
408 3966 459 4033 Olr
488 3985 613 4034 venum
636 3971 886 4054 argumentum!
911 3968 1006 4049 Quod
1029 3989 1091 4052 ego
1113 3973 1291 4056 perpendo,
1307 3977 1342 4036 tu

283 4200 320 4260 ti)
336 4196 356 4246 li
373 4198 466 4248 tsitore
482 4199 577 4250 risordl
596 4199 620 4251 Ιι
637 4199 730 4253 letters
746 4201 771 4251 tt
790 4201 905 4265 lirplero
922 4199 1066 4266 ell'ilorlry
1084 4203 1110 4252 lrr
1132 4203 1190 4253 dcta
1206 4203 1231 4252 ιιι
1251 4206 1345 4268 questo

207 4275 295 4321 stum
308 4273 411 4335 giorno,
428 4274 461 4325 (ir
476 4277 518 4326 noi
536 4282 619 4328 receti
629 4278 655 4327 tii
668 4292 755 4343 sopra,
772 4276 841 4328 nella
857 4275 937 4342 quale
953 4276 1067 4340 lirplero
1083 4279 1181 4343 ripurlin
1197 4279 1214 4328 Ι·
1225 4278 1341 4330 amicitis

210 4344 236 4393 ot
251 4352 343 4410 questo
357 4350 510 4413 sclspurnto.
