3090 5174
565 322 665 426 isso
687 353 770 418 15⁹⁷

450 616 606 689 Gtor'snst
629 626 784 690 Knrtsao
810 622 856 708 (1)

356 858 406 922 Do
430 857 551 936 Grata.
578 861 617 927 13
643 860 767 926 Ottolre
794 859 878 925 1597
907 856 953 944 (2)

553 1095 597 1163 (Α
616 1091 755 1162 Padoval

165 1307 286 1370 Risponds
301 1306 348 1355 alla
365 1307 449 1357 letters
465 1309 492 1358 di
507 1310 602 1359 Galileo
617 1310 659 1358 del
678 1315 693 1359 l
711 1320 793 1374 aposto
809 1309 840 1357 da
855 1311 897 1358 noi
914 1320 990 1357 cecata
1009 1323 1023 1359 a
1041 1321 1095 1372 pag.
1113 1309 1141 1357 11

165 1385 206 1431 del
215 1385 291 1432 Tomo
298 1385 315 1432 l.
327 1385 394 1433 Paris
405 1387 445 1435 del
455 1388 551 1435 sistsms
561 1387 736 1450 &pernionum
746 1386 853 1447 conforta
864 1384 958 1432 l'amico
968 1399 982 1431 a
992 1393 1110 1444 stampsrs
1121 1382 1145 1430 le

164 1473 206 1504 suc
220 1458 408 1507 considerationi
423 1461 521 1508 intorno
537 1477 550 1508 u
566 1472 652 1524 questo
667 1469 823 1524 argomento,
845 1475 859 1504 e
874 1458 899 1504 lo
913 1456 1027 1519 consiglis
1042 1453 1145 1502 ditaris

165 1547 192 1578 tn
205 1531 345 1588 Germanis,
359 1549 384 1579 ss
398 1531 439 1582 cio
453 1550 501 1581 non
512 1534 571 1596 glie
585 1550 696 1583 concesso
706 1534 732 1581 in
742 1533 815 1580 tutis.
827 1530 952 1580 Gl’indioa
968 1529 1042 1577 influe
1057 1528 1141 1576 altune

165 1606 321 1654 osservurioni
338 1607 512 1654 astronomicus
527 1606 558 1656 da
573 1606 637 1655 tarsi.
650 1605 776 1665 -Questn
796 1603 861 1652 bellu
876 1603 959 1651 letters
981 1618 1062 1650 manen
1082 1600 1145 1648 nella

167 1680 266 1726 raccolta
283 1677 346 1728 delle
361 1681 501 1743 Kspletiane
514 1679 656 1748 pubblicum
670 1682 697 1728 in
712 1678 791 1743 Lipsia
808 1676 847 1726 nel
865 1679 940 1732 1718,
963 1675 1025 1722 dors
1041 1675 1062 1722 si
1078 1683 1146 1721 imru

166 1749 235 1796 hsusl
250 1751 273 1797 ls
290 1752 385 1800 missivs
401 1752 427 1799 di
442 1752 625 1809 &idemeston
640 1767 653 1798 ι
668 1768 712 1799 suo
727 1750 801 1814 luogo
815 1749 926 1797 abbiamo
941 1759 1030 1796 notato.
1047 1747 1066 1794 ll
1082 1747 1146 1794 Ven-

168 1827 234 1881 turi,
247 1824 292 1874 che
306 1827 368 1887 (l'ur.
383 1828 402 1885 l,
415 1843 484 1892 pugg.
496 1832 524 1877 18
535 1845 548 1875 s
561 1829 599 1889 ta)
610 1829 702 1891 riporta
712 1828 787 1874 intem
798 1827 822 1874 ln
832 1827 917 1874 lettera
928 1824 966 1888 git
982 1831 1099 1885 stampato
1116 1819 1143 1868 di

167 1899 276 1959 Gulilso,
291 1917 340 1949 non
355 1902 482 1951 s’intende
498 1902 586 1964 perche
603 1919 650 1951 non
662 1902 813 1966 pubblicum
823 1901 868 1951 ulte
883 1900 933 1948 sole
949 1899 984 1946 sei
998 1897 1066 1963 righe
1081 1894 1147 1944 delle

170 1985 286 2035 presente.

184 2156 308 2222 Litoras
332 2166 426 2231 tuas.
462 2163 512 2224 vir
547 2161 803 2234 humanissime,
837 2161 1019 2240 dsugusti
1056 2158 1216 2237 scriptas,

95 2275 109 2337 1
129 2273 304 2355 septembr.
321 2279 447 2358 acsaph
463 2296 547 2360 quae
563 2279 695 2360 quidem
709 2281 840 2362 gemino
861 2297 914 2343 nte
930 2277 1067 2341 affecere
1083 2274 1216 2358 gaudio,

92 2393 233 2473 primum
257 2402 387 2478 propter
410 2397 589 2460 amicitiam
609 2403 717 2462 tecum
736 2395 817 2461 italo
832 2397 969 2470 initam,
993 2402 1065 2476 post
1084 2397 1214 2476 propter

92 2527 286 2576 consensum
321 2520 470 2577 nostrum
502 2515 536 2577 in
570 2512 827 2598 cosmographia
862 2514 1099 2596 Gopernicans.
1131 2511 1216 2578 Cum

96 2629 195 2710 igitur
217 2631 250 2693 ln
274 2630 364 2693 calce
388 2631 545 2714 epistolae
568 2632 755 2696 humaniter
779 2632 895 2696 mend
919 2632 1050 2695 crebras
1065 2629 1218 2711 epistolas

94 2743 276 2820 invitasses,
300 2763 405 2828 noque
429 2748 507 2811 milii
532 2754 646 2830 sponte
668 2766 741 2811 mea
766 2747 890 2811 stimuli
907 2747 948 2810 ad
973 2746 1033 2809 hoc
1052 2740 1214 2818 deessent,

95 2858 199 2923 iacere
221 2869 362 2927 attamen
387 2883 451 2929 non
476 2867 566 2947 potui
590 2867 669 2947 quin
694 2884 751 2949 par
778 2865 866 2930 hune
890 2870 1091 2946 praesentem
1123 2863 1217 2927 nobi-

97 2978 159 3041 lem
179 2977 335 3059 juvenem
359 2983 399 3044 sd
424 2991 455 3046 te
478 2984 850 3053 scriberem.,Existimu
865 3000 1015 3062 namque
1049 2987 1080 3044 te
1114 2981 1155 3043 ab
1177 2996 1217 3044 eo

95 3104 259 3176 tempore,
289 3099 315 3161 si
338 3103 447 3165 ocium
473 3102 529 3163 tibi
565 3102 647 3176 luit,
684 3102 827 3165 libellum
864 3119 973 3165 meum
999 3099 1044 3185 (3)
1076 3098 1217 3180 penitius

94 3216 295 3296 cognovisse.
313 3220 392 3282 lnde
406 3219 526 3298 cupido
542 3236 593 3283 me
615 3221 790 3282 vehemens
810 3221 940 3282 incessit
963 3234 1121 3282 censurae
1140 3225 1217 3280 tuae

97 3332 344 3412 percipiendae:
368 3335 414 3397 sic
437 3335 523 3397 enim
542 3335 630 3399 soleo
649 3335 690 3399 ad
709 3351 933 3416 quoscumque
951 3333 1072 3406 scribo,
1088 3330 1215 3414 judicia

96 3449 135 3511 de
158 3452 239 3515 meis
261 3454 451 3535 incorrupta
475 3453 663 3538 efflagitare.
687 3454 729 3520 Et
753 3455 831 3519 milti
857 3453 971 3518 credas
995 3451 1108 3526 velim,
1129 3449 1217 3513 malo

94 3569 190 3632 unius
208 3572 333 3634 cordati
350 3589 546 3647 censuram,
566 3573 868 3654 sputamentorum,
887 3586 986 3653 quam
1005 3572 1105 3635 totius
1122 3568 1215 3650 vulgi

90 3689 347 3754 inconsideratos
370 3690 557 3772 applausus.
580 3690 713 3756 Utinam
737 3708 816 3754 vero
834 3690 907 3765 tibi,
924 3688 979 3752 tali
1002 3685 1215 3769 intelligentia

92 3805 253 3883 praedito,
277 3809 366 3873 aliud
388 3812 589 3892 propositum
609 3810 717 3875 essetl
737 3811 822 3876 Nam
840 3809 899 3873 etsi
919 3809 1081 3888 sapienter
1105 3810 1163 3879 tu,
1180 3809 1214 3868 st

60 3920 64 3925 ’
88 3922 236 3999 occulte,
260 3927 424 4009 proposito
446 3928 624 4009 exemplari
649 3936 724 3992 tuae
743 3943 920 4009 personae,
941 3942 1074 3999 monas,
1093 3921 1213 3988 ceden-

156 4185 189 4245 (1)
207 4183 300 4235 Vedssi
315 4187 333 4235 il
350 4187 425 4239 Tum.
442 4189 464 4247 1,
479 4189 541 4254 Psg.
562 4193 601 4250 tt,
619 4195 680 4240 nois
698 4194 792 4254 prims.

156 4259 190 4321 (i)
208 4258 317 4310 inedita.
329 4262 443 4315 -llSS.
458 4264 527 4320 det,
543 4264 601 4316 Par.
619 4265 664 4325 vl,
681 4266 712 4317 Τ.
731 4272 755 4322 7,
771 4266 916 4331 saturnia.

154 4336 187 4393 (3)
203 4332 225 4382 tt
244 4334 400 4386 Prodrumus
418 4342 630 4389 dissertationum
654 4342 933 4402 cosmocrapiicorum
950 4340 990 4389 del
1008 4339 1084 4406 quale
1100 4341 1172 4405 paria
1187 4338 1212 4394 la

81 4407 233 4466 sopracittu
251 4407 342 4460 tsttcn
359 4410 383 4459 di
399 4410 509 4463 Galileo.
