3090 5174
551 323 652 381 tutto
678 305 763 374 isan
1178 310 1220 378 23

100 458 344 533 mathematici,
368 458 565 539 quibuscum
591 458 707 539 majori
731 454 843 518 labone
873 455 990 535 agitur.
1015 456 1136 521 licum
1160 473 1222 520 uo·

99 597 174 645 men
198 579 274 643 inde
297 576 459 648 babeant,
485 593 550 639 non
573 574 758 638 concedunt
789 573 952 653 postulata
987 572 1057 636 sine
1087 573 1224 638 demon·

98 700 264 764 stratione.
289 697 437 775 Quorum
459 712 527 776 quo
544 692 725 777 imperitior
742 692 902 773 quisque,
920 692 981 755 boc
1000 692 1074 773 plqs
1096 695 1222 774 negocii

101 817 240 880 lacessit.
265 815 489 878 Veruntamen
512 816 543 873 et
567 810 619 873 bic
644 809 824 873 remedium
847 807 1001 873 adbibere
1033 817 1138 889 potest
1169 828 1223 875 so-

101 934 214 997 litudo.
238 933 296 997 Est
320 932 352 992 in
376 927 520 1009 quolibet
545 927 615 989 ioco
640 927 890 990 mathematicus
907 943 1014 999 unus;
1037 926 1069 990 id
1084 928 1140 992 ubi
1157 934 1220 1003 est,

99 1052 259 1133 optimum
281 1053 339 1112 est.
363 1046 445 1110 Tum
468 1046 497 1108 si
521 1044 616 1107 babet
639 1043 715 1106 alibi
737 1044 883 1107 locorum
906 1043 1069 1123 opinionis
1085 1046 1221 1115 socium,

100 1168 210 1231 literas
234 1168 274 1229 ab
289 1165 359 1245 ipso
378 1163 550 1244 impetret,
568 1179 635 1243 qua
653 1162 802 1233 ratione,
822 1164 1010 1225 monstratis
1027 1161 1127 1226 literis
1144 1160 1222 1248 (quo

99 1299 229 1347 rursum
254 1283 353 1345 etiam
377 1280 457 1343 mibi
475 1285 551 1344 tuae
570 1275 718 1363 prosunt)
743 1278 929 1360 opinionem
954 1278 1037 1342 banc
1055 1280 1224 1345 inanimis

97 1403 267 1464 doctorum
290 1399 435 1464 excitare
458 1404 583 1480 potest,
605 1400 700 1478 quasi
723 1414 838 1461 omnes
855 1397 1001 1477 undique
1020 1398 1217 1479 processores

98 1519 335 1581 matlrematum
362 1516 593 1599 consentirent.
618 1515 740 1580 Verum
774 1517 862 1596 quod
897 1516 1012 1580 fraude
1044 1535 1126 1598 opus
1149 1519 1224 1581 est‘l

98 1635 255 1707 Contide,
278 1632 422 1708 Galilee,
457 1639 489 1696 et
524 1632 728 1714 progredere.
764 1632 798 1698 Si
820 1634 902 1697 bene
925 1633 1095 1714 conjecto,
1124 1637 1220 1716 pauci

99 1752 139 1812 tle
161 1751 343 1832 praecipuis
359 1748 511 1831 Europae
530 1750 770 1815 mathematicis
786 1768 805 1812 a
822 1751 913 1814 nobis
928 1744 1077 1815 secedere
1095 1754 1222 1817 volent:

101 1878 189 1931 tanta
215 1870 263 1932 vis
284 1876 333 1932 est
357 1868 513 1932 veritatis.
549 1868 579 1933 Si
616 1870 671 1932 tibi
694 1867 789 1931 ltalia
819 1869 928 1932 minus
951 1875 1001 1933 est
1034 1870 1153 1935 idonea
1176 1872 1219 1935 ad

98 1988 373 2071 publicationem,
391 1996 423 2050 et
437 1989 462 2050 si
481 1987 589 2067 aliqua
611 1987 779 2049 babituros
795 2004 829 2049 es
845 1987 1092 2066 impedimenta,
1112 1989 1221 2053 torsan

97 2105 274 2171 Germama
299 2104 391 2167 nobis
416 2105 501 2166 bane
527 2103 706 2165 libertatem
729 2102 895 2166 concedet.
916 2103 976 2167 Sed
996 2105 1036 2167 de
1060 2107 1110 2170 bis
1133 2110 1222 2171 satis.
1282 2183 1286 2192 ‚

100 2226 149 2289 Tu
172 2223 287 2289 saitem
313 2224 440 2303 scriptis
457 2220 536 2284 mibi
554 2220 763 2284 communica
779 2221 955 2301 privatim,
971 2223 997 2284 si
1015 2226 1143 2304 publice
1158 2241 1224 2288 non

101 2342 230 2424 placet,
253 2342 279 2404 si
303 2339 380 2421 quid
406 2339 438 2402 in
463 2337 635 2419 (lopernici
658 2338 869 2402 commodum
902 2340 1065 2404 invenisti.

189 2458 285 2525 Nunc
302 2458 359 2520 abs
376 2464 405 2520 te
418 2456 527 2538 piacet
539 2455 664 2536 aliquid
676 2457 943 2522 observationum
960 2461 1141 2539 postutars;
1160 2463 1225 2525 sci·

100 2579 175 2641 licet
191 2578 281 2647 milri,
297 2577 354 2658 qui
372 2577 597 2639 instrumentis
608 2592 715 2652 careo,
733 2574 991 2659 confugiendum
1007 2584 1057 2642 est
1075 2580 1116 2643 ad
1132 2580 1222 2645 alios.

100 2697 206 2761 Habes
217 2696 432 2778 quadrantem
443 2696 477 2759 in
488 2713 554 2776 quo
566 2696 669 2777 possis
682 2703 797 2760 notare
809 2697 939 2780 singula
950 2698 1104 2779 scrupula
1118 2701 1223 2781 prima

101 2818 134 2876 et
149 2812 348 2893 quadrantes
365 2812 568 2896 primorum?
582 2812 731 2879 Observa
752 2794 862 2909 igitur,
876 2816 965 2879 circa
983 2816 1025 2881 19
1041 2816 1117 2895 Dec.
1133 2818 1225 2884 tutu-

100 2946 197 3007 rum,
220 2928 429 2996 altitudinem·
456 2932 639 2998 eductionis
673 2934 800 2998 caudae
822 2934 856 2997 in
879 2934 961 3000 Ursa
986 2937 1167 3001 maximam
1190 2943 1224 3000 et

101 3047 272 3111 minimam
294 3048 407 3113 eadem
432 3055 536 3113 nocte.
559 3049 637 3124 Sic,
658 3051 748 3112 circa
770 3049 814 3114 26
837 3031 935 3129 lice,
957 3053 1096 3117 observa
1128 3055 1222 3119 siml-

101 3167 176 3231 liter
197 3174 370 3248 utramque
392 3168 505 3232 stellae
527 3169 649 3248 potaris
675 3167 892 3233 altitudinem.
926 3172 1069 3237 Primam
1093 3172 1221 3236 stellam

100 3286 238 3349 observa
272 3290 304 3347 et
328 3285 415 3347 cirea
453 3283 494 3348 ts
521 3284 630 3347 Martii
665 3283 744 3346 anni
777 3282 822 3348 98
853 3284 1026 3350 altitudine
1060 3296 1222 3353 nocturna

100 3402 181 3467 bora
208 3401 269 3475 12;
305 3402 441 3464 alteram
466 3401 553 3465 circa
576 3400 620 3465 28
643 3400 728 3484 Sept.
751 3403 850 3465 etiarn
886 3402 965 3465 bora
991 3403 1041 3466 ts.
1064 3405 1149 3471 Nam
1172 3407 1221 3482 si,

99 3518 186 3600 quod
208 3526 306 3601 opto,
342 3517 523 3582 differentia
546 3519 708 3599 quaedam
744 3519 828 3583 inter
854 3521 947 3585 binas
979 3520 1222 3588 observationes

100 3637 279 3702 intercedet
315 3637 413 3703 unius
447 3644 545 3718 alque
566 3638 704 3707 alterius
725 3641 894 3721 scrupuli,
929 3641 1035 3722 magis
1056 3642 1083 3705 si
1109 3641 1221 3708 decem

102 3761 160 3819 aut
183 3754 393 3835 quindecim,
415 3772 468 3819 res
486 3772 543 3837 per
562 3762 664 3819 totam
682 3758 916 3820 astronomiam
932 3757 1091 3822 latissime
1106 3759 1224 3825 dinosa

100 3880 330 3956 argumentum
346 3874 418 3938 erit.
431 3874 486 3940 Sin
502 3882 612 3940 autem
627 3875 706 3939 nibil
718 3876 816 3956 plane
828 3874 1029 3954 differentiae
1041 3879 1222 3962 depreben-

99 3987 238 4063 demns,
260 3989 404 4071 palmam
428 3996 537 4054 tamen
557 3988 770 4053 demonstrati
789 3991 982 4056 nobilissimi
1001 3992 1221 4074 problematis,

98 4106 259 4170 haetenus
293 4124 312 4170 a
348 4108 478 4172 nemine
514 4099 727 4185 affectatam,
757 4112 942 4175 comuniter
974 4111 1221 4191 reportabimus.

99 4223 242 4305 Sapienti
266 4234 315 4290 sat
335 4225 470 4291 dictum.
490 4227 584 4291 blitto
601 4234 710 4293 autem
729 4227 795 4294 duo
810 4229 942 4311 insuper
960 4229 1157 4312 exemplaria
1176 4227 1222 4320 (1)

167 4369 199 4428 (t)
216 4366 262 4416 bel
278 4366 422 4418 Prodromo
438 4367 566 4418 suddetto.
654 4370 657 4375 '
